<collection xmlns="http://www.loc.gov/MARC21/slim">
<record>
  <controlfield tag="001">280538</controlfield>
  <controlfield tag="003">SzGeCERN</controlfield>
  <controlfield tag="005">20221103091931.0</controlfield>
  <datafield tag="024" ind1="8" ind2=" ">
    <subfield code="a">oai:cds.cern.ch:280538</subfield>
    <subfield code="p">cerncds:FULLTEXT</subfield>
    <subfield code="p">forSciTalks</subfield>
    <subfield code="p">cerncds:TALK</subfield>
    <subfield code="p">cerncds:TALK:FULLTEXT</subfield>
    <subfield code="p">cerncds:MEMORIAV</subfield>
  </datafield>
  <datafield tag="035" ind1=" " ind2=" ">
    <subfield code="9">CERCER</subfield>
    <subfield code="a">0200605</subfield>
  </datafield>
  <datafield tag="041" ind1=" " ind2=" ">
    <subfield code="9">review</subfield>
    <subfield code="a">eng</subfield>
  </datafield>
  <datafield tag="088" ind1=" " ind2=" ">
    <subfield code="9">CERN-VIDEO-C-180-A</subfield>
  </datafield>
  <datafield tag="088" ind1=" " ind2=" ">
    <subfield code="9">CERN-VIDEO-C-180-B</subfield>
  </datafield>
  <datafield tag="088" ind1=" " ind2=" ">
    <subfield code="9">CERN-VIDEO-C-180-C</subfield>
  </datafield>
  <datafield tag="088" ind1=" " ind2=" ">
    <subfield code="9">CERN-VIDEO-C-180-D</subfield>
  </datafield>
  <datafield tag="088" ind1=" " ind2=" ">
    <subfield code="9">CERN-VIDEO-C-180-E</subfield>
  </datafield>
  <datafield tag="100" ind1=" " ind2=" ">
    <subfield code="a">Martinelli, Guido</subfield>
  </datafield>
  <datafield tag="245" ind1=" " ind2=" ">
    <subfield code="a">Quantum chromodynamics</subfield>
  </datafield>
  <datafield tag="250" ind1=" " ind2=" ">
    <subfield code="a">1994 ed.</subfield>
  </datafield>
  <datafield tag="260" ind1=" " ind2=" ">
    <subfield code="a">Geneva</subfield>
    <subfield code="b">CERN</subfield>
    <subfield code="c">1994</subfield>
  </datafield>
  <datafield tag="260" ind1=" " ind2=" ">
    <subfield code="9">review</subfield>
    <subfield code="c">1994</subfield>
  </datafield>
  <datafield tag="269" ind1=" " ind2=" ">
    <subfield code="c">1994-10-24</subfield>
  </datafield>
  <datafield tag="300" ind1=" " ind2=" ">
    <subfield code="a">Transparencies ; 2 DVD video ; 2 VHS video</subfield>
    <subfield code="b">720x576 4/3, 25</subfield>
  </datafield>
  <datafield tag="300" ind1=" " ind2=" ">
    <subfield code="2">CERN-VIDEO-C-180-E</subfield>
    <subfield code="8">E</subfield>
    <subfield code="a">00:55:51:00</subfield>
    <subfield code="b">720x576 4/3, 25</subfield>
  </datafield>
  <datafield tag="300" ind1=" " ind2=" ">
    <subfield code="2">CERN-VIDEO-C-180-D</subfield>
    <subfield code="8">D</subfield>
    <subfield code="a">00:59:56:00</subfield>
    <subfield code="b">720x576 4/3, 25</subfield>
  </datafield>
  <datafield tag="300" ind1=" " ind2=" ">
    <subfield code="2">CERN-VIDEO-C-180-A</subfield>
    <subfield code="8">A</subfield>
    <subfield code="a">01:00:58:00</subfield>
    <subfield code="b">720x576 4/3, 25</subfield>
  </datafield>
  <datafield tag="300" ind1=" " ind2=" ">
    <subfield code="2">CERN-VIDEO-C-180-C</subfield>
    <subfield code="8">C</subfield>
    <subfield code="a">00:57:56:00</subfield>
    <subfield code="b">720x576 4/3, 25</subfield>
  </datafield>
  <datafield tag="300" ind1=" " ind2=" ">
    <subfield code="2">CERN-VIDEO-C-180-B</subfield>
    <subfield code="8">B</subfield>
    <subfield code="a">00:57:37:00</subfield>
    <subfield code="b">720x576 4/3, 25</subfield>
  </datafield>
  <datafield tag="337" ind1=" " ind2=" ">
    <subfield code="a">Video</subfield>
  </datafield>
  <datafield tag="340" ind1=" " ind2=" ">
    <subfield code="a">paper</subfield>
  </datafield>
  <datafield tag="340" ind1=" " ind2=" ">
    <subfield code="8">A</subfield>
    <subfield code="9">MARTINELLI-1</subfield>
    <subfield code="a">U-Matic</subfield>
    <subfield code="j">Master</subfield>
    <subfield code="k">19941024</subfield>
  </datafield>
  <datafield tag="340" ind1=" " ind2=" ">
    <subfield code="8">B</subfield>
    <subfield code="9">MARTINELLI-2</subfield>
    <subfield code="a">U-Matic</subfield>
    <subfield code="j">Master</subfield>
    <subfield code="k">19941025</subfield>
  </datafield>
  <datafield tag="340" ind1=" " ind2=" ">
    <subfield code="8">C</subfield>
    <subfield code="9">MARTINELLI-3</subfield>
    <subfield code="a">U-Matic</subfield>
    <subfield code="j">Master</subfield>
    <subfield code="k">19941026</subfield>
  </datafield>
  <datafield tag="340" ind1=" " ind2=" ">
    <subfield code="8">D</subfield>
    <subfield code="9">MARTINELLI-4</subfield>
    <subfield code="a">U-Matic</subfield>
    <subfield code="j">Master</subfield>
    <subfield code="k">19941027</subfield>
  </datafield>
  <datafield tag="340" ind1=" " ind2=" ">
    <subfield code="8">E</subfield>
    <subfield code="9">MARTINELLI-5</subfield>
    <subfield code="a">U-Matic</subfield>
    <subfield code="j">Master</subfield>
    <subfield code="k">19941028</subfield>
  </datafield>
  <datafield tag="490" ind1=" " ind2=" ">
    <subfield code="a">CERN Academic Training Lecture</subfield>
    <subfield code="v">301</subfield>
  </datafield>
  <datafield tag="500" ind1=" " ind2=" ">
    <subfield code="a">The video was digitized from its original recording as part of the CERN Digital Memory project</subfield>
  </datafield>
  <datafield tag="500" ind1=" " ind2=" ">
    <subfield code="a">During the curation of digitized tapes and films in 2020, this record was identified with duplicated original medias.</subfield>
  </datafield>
  <datafield tag="511" ind1="1" ind2=" ">
    <subfield code="8">a</subfield>
    <subfield code="9">review</subfield>
    <subfield code="a">Guido Martinelli</subfield>
  </datafield>
  <datafield tag="511" ind1="1" ind2=" ">
    <subfield code="8">b</subfield>
    <subfield code="9">review</subfield>
    <subfield code="a">Guido Martinelli</subfield>
  </datafield>
  <datafield tag="511" ind1="1" ind2=" ">
    <subfield code="8">c</subfield>
    <subfield code="9">review</subfield>
    <subfield code="a">Guido Martinelli</subfield>
  </datafield>
  <datafield tag="511" ind1="1" ind2=" ">
    <subfield code="8">e</subfield>
    <subfield code="9">review</subfield>
    <subfield code="a">Guido Martinelli</subfield>
  </datafield>
  <datafield tag="511" ind1="1" ind2=" ">
    <subfield code="8">d</subfield>
    <subfield code="9">review</subfield>
    <subfield code="a">Guido Martinelli</subfield>
  </datafield>
  <datafield tag="511" ind1="1" ind2=" ">
    <subfield code="8">a</subfield>
    <subfield code="9">review</subfield>
    <subfield code="a">G. Martinelli</subfield>
  </datafield>
  <datafield tag="511" ind1="1" ind2=" ">
    <subfield code="8">b</subfield>
    <subfield code="9">review</subfield>
    <subfield code="a">G. Martinelli</subfield>
  </datafield>
  <datafield tag="511" ind1="1" ind2=" ">
    <subfield code="8">c</subfield>
    <subfield code="9">review</subfield>
    <subfield code="a">G. Martinelli</subfield>
  </datafield>
  <datafield tag="511" ind1="1" ind2=" ">
    <subfield code="8">e</subfield>
    <subfield code="9">review</subfield>
    <subfield code="a">G. Martinelli</subfield>
  </datafield>
  <datafield tag="511" ind1="1" ind2=" ">
    <subfield code="8">d</subfield>
    <subfield code="9">review</subfield>
    <subfield code="a">G. Martinelli</subfield>
  </datafield>
  <datafield tag="514" ind1=" " ind2=" ">
    <subfield code="a">Low RF, noisy picture -</subfield>
  </datafield>
  <datafield tag="514" ind1=" " ind2=" ">
    <subfield code="8">d</subfield>
    <subfield code="a">High frequency interference pattern -  Low RF, noisy picture -  Video tracking issue -</subfield>
  </datafield>
  <datafield tag="518" ind1=" " ind2=" ">
    <subfield code="a">CERN, Geneva, 24 - 28 Oct 1994</subfield>
  </datafield>
  <datafield tag="520" ind1=" " ind2=" ">
    <subfield code="a">1, Hadrons as bound states of quarks and gluons. 2, Quark models, confinement and asymptotic freedom. 3, The parton model; Deep Inelastic Scattering (DIS) process. 4, The parton model and QCD. 5) Phenomenology of the parton model; muon and neutrino DIS, structure functions and parton distributions. 6) W and Z production at Colliders. 7) Weak decays and strong interactions. 8) Heavy flavours effective theories and QCD. 9) Non-perturbative QCD.</subfield>
  </datafield>
  <datafield tag="520" ind1=" " ind2=" ">
    <subfield code="8">a</subfield>
    <subfield code="9">review</subfield>
    <subfield code="a">A lecture series reviewing some aspects of quantum chromodynamics (QCD)</subfield>
  </datafield>
  <datafield tag="542" ind1=" " ind2=" ">
    <subfield code="d">CERN</subfield>
    <subfield code="g">1994</subfield>
  </datafield>
  <datafield tag="542" ind1="1" ind2=" ">
    <subfield code="9">review</subfield>
    <subfield code="d">CERN</subfield>
    <subfield code="g">1994</subfield>
  </datafield>
  <datafield tag="583" ind1="1" ind2=" ">
    <subfield code="2">pda</subfield>
    <subfield code="3">U-Matic SP</subfield>
    <subfield code="5">SzGeCERN</subfield>
    <subfield code="6">WEEK51-public</subfield>
    <subfield code="8">a</subfield>
    <subfield code="a">digitized</subfield>
    <subfield code="b">C1V1: Composite	Signal - U-Matic, U-Matic SP, VHS, 1 inch C, 1 inch B, Video , Betamax</subfield>
    <subfield code="c">20180501</subfield>
    <subfield code="f">CERN Digital Memory Project</subfield>
    <subfield code="f">public</subfield>
    <subfield code="i">CREATE-MARC-run20180620_1030</subfield>
    <subfield code="k">PICTURAE</subfield>
    <subfield code="l">G. Martinelli A</subfield>
    <subfield code="u">https://cds.cern.ch/record/2257246</subfield>
    <subfield code="x">- VISUAL INSPECTION TABLE timing: from 04/12/2017 11:41 to 04/12/2017 11:41 -
 - RTI VT 3100 timing: from 04/12/2017 11:41 to 04/12/2017 11:55 -
 - MANUAL QC GEN timing: from 04/12/2017 22:14 to 04/12/2017 22:14 -
 - FILE_PRESENCE timing: from 04/12/2017 22:14 to 04/12/2017 22:14 -
 - MAC-V023 timing: from 01/05/2018 15:34 to 01/05/2018 15:34 -</subfield>
    <subfield code="z">- VISUAL INSPECTION TABLE of U-Matic SP () true  - 
 - RTI VT 3100 of U-Matic SP () true  - 
 - MANUAL QC GEN of U-Matic SP () true  - 
 - FILE_PRESENCE of U-Matic SP () true  - 
 - MAC-V023 of U-Matic SP () true  -</subfield>
  </datafield>
  <datafield tag="583" ind1="1" ind2=" ">
    <subfield code="2">pda</subfield>
    <subfield code="3">U-Matic SP</subfield>
    <subfield code="5">SzGeCERN</subfield>
    <subfield code="6">WEEK51-public</subfield>
    <subfield code="8">b</subfield>
    <subfield code="a">digitized</subfield>
    <subfield code="b">C1V1: Composite	Signal - U-Matic, U-Matic SP, VHS, 1 inch C, 1 inch B, Video , Betamax</subfield>
    <subfield code="c">20171202</subfield>
    <subfield code="f">CERN Digital Memory Project</subfield>
    <subfield code="f">public</subfield>
    <subfield code="i">CREATE-MARC-run20180620_1030</subfield>
    <subfield code="k">PICTURAE</subfield>
    <subfield code="l">G. Martinelli B</subfield>
    <subfield code="u">https://cds.cern.ch/record/2257246</subfield>
    <subfield code="x">- VISUAL INSPECTION TABLE timing: from 02/12/2017 10:14 to 02/12/2017 10:14 -
 - RTI VT 3100 timing: from 02/12/2017 10:14 to 02/12/2017 10:45 -
 - MAC-V025 timing: from 02/12/2017 10:45 to 02/12/2017 11:56 -
 - MANUAL QC GEN timing: from 02/12/2017 21:50 to 02/12/2017 21:50 -
 - FILE_PRESENCE timing: from 02/12/2017 21:50 to 02/12/2017 21:50 -</subfield>
    <subfield code="z">- VISUAL INSPECTION TABLE of U-Matic SP () true  - 
 - RTI VT 3100 of U-Matic SP () true  - 
 - MAC-V025 of U-Matic SP () true Low RF, noisy picture - 
 - MANUAL QC GEN of U-Matic SP () true  - 
 - FILE_PRESENCE of U-Matic SP () true  -</subfield>
  </datafield>
  <datafield tag="583" ind1="1" ind2=" ">
    <subfield code="2">pda</subfield>
    <subfield code="3">U-Matic SP</subfield>
    <subfield code="5">SzGeCERN</subfield>
    <subfield code="6">WEEK51-public</subfield>
    <subfield code="8">c</subfield>
    <subfield code="a">digitized</subfield>
    <subfield code="b">C1V1: Composite	Signal - U-Matic, U-Matic SP, VHS, 1 inch C, 1 inch B, Video , Betamax</subfield>
    <subfield code="c">20171202</subfield>
    <subfield code="f">CERN Digital Memory Project</subfield>
    <subfield code="f">public</subfield>
    <subfield code="i">CREATE-MARC-run20180620_1030</subfield>
    <subfield code="k">PICTURAE</subfield>
    <subfield code="l">G. Martinelli C</subfield>
    <subfield code="u">https://cds.cern.ch/record/2257246</subfield>
    <subfield code="x">- VISUAL INSPECTION TABLE timing: from 01/12/2017 11:52 to 01/12/2017 11:52 -
 - RTI VT 3100 timing: from 01/12/2017 11:52 to 01/12/2017 11:56 -
 - MAC-V024 timing: from 01/12/2017 12:47 to 01/12/2017 14:14 -
 - MANUAL QC GEN timing: from 01/12/2017 22:53 to 01/12/2017 22:53 -
 - FILE_PRESENCE timing: from 01/12/2017 22:53 to 01/12/2017 22:53 -
 - MANUAL QC GEN timing: from 02/12/2017 02:50 to 02/12/2017 02:50 -
 - FILE_PRESENCE timing: from 02/12/2017 02:50 to 02/12/2017 02:50 -</subfield>
    <subfield code="z">- VISUAL INSPECTION TABLE of U-Matic SP () true  - 
 - RTI VT 3100 of U-Matic SP () true  - 
 - MAC-V024 of U-Matic SP () true Low RF, noisy picture - 
 - MANUAL QC GEN of U-Matic SP () true  - 
 - FILE_PRESENCE of U-Matic SP () true  - 
 - MANUAL QC GEN of U-Matic SP () true  - 
 - FILE_PRESENCE of U-Matic SP () true  -</subfield>
  </datafield>
  <datafield tag="583" ind1="1" ind2=" ">
    <subfield code="2">pda</subfield>
    <subfield code="3">U-Matic SP</subfield>
    <subfield code="5">SzGeCERN</subfield>
    <subfield code="6">WEEK51-public</subfield>
    <subfield code="8">e</subfield>
    <subfield code="a">digitized</subfield>
    <subfield code="b">C1V1: Composite	Signal - U-Matic, U-Matic SP, VHS, 1 inch C, 1 inch B, Video , Betamax</subfield>
    <subfield code="c">20171201</subfield>
    <subfield code="f">CERN Digital Memory Project</subfield>
    <subfield code="f">public</subfield>
    <subfield code="i">CREATE-MARC-run20180620_1030</subfield>
    <subfield code="k">PICTURAE</subfield>
    <subfield code="l">G. Martinelli E</subfield>
    <subfield code="u">https://cds.cern.ch/record/2257246</subfield>
    <subfield code="x">- VISUAL INSPECTION TABLE timing: from 01/12/2017 12:54 to 01/12/2017 12:54 -
 - RTI VT 3100 timing: from 01/12/2017 12:54 to 01/12/2017 12:58 -
 - MAC-V022 timing: from 01/12/2017 13:02 to 01/12/2017 14:16 -
 - MANUAL QC GEN timing: from 01/12/2017 21:40 to 01/12/2017 21:40 -
 - FILE_PRESENCE timing: from 01/12/2017 21:40 to 01/12/2017 21:40 -</subfield>
    <subfield code="z">- VISUAL INSPECTION TABLE of U-Matic SP () true  - 
 - RTI VT 3100 of U-Matic SP () true  - 
 - MAC-V022 of U-Matic SP () true Low RF, noisy picture - 
 - MANUAL QC GEN of U-Matic SP () true  - 
 - FILE_PRESENCE of U-Matic SP () true  -</subfield>
  </datafield>
  <datafield tag="583" ind1="1" ind2=" ">
    <subfield code="2">pda</subfield>
    <subfield code="3">U-Matic SP</subfield>
    <subfield code="5">SzGeCERN</subfield>
    <subfield code="6">WEEK52-public</subfield>
    <subfield code="8">a</subfield>
    <subfield code="a">digitized</subfield>
    <subfield code="b">C1V1: Composite	Signal - U-Matic, U-Matic SP, VHS, 1 inch C, 1 inch B, Video , Betamax</subfield>
    <subfield code="c">20180501</subfield>
    <subfield code="f">CERN Digital Memory Project</subfield>
    <subfield code="f">public</subfield>
    <subfield code="i">CREATE-MARC-run20180620_1037</subfield>
    <subfield code="k">PICTURAE</subfield>
    <subfield code="l">G. Martinelli A</subfield>
    <subfield code="u">https://cds.cern.ch/record/2257246</subfield>
    <subfield code="x">- VISUAL INSPECTION TABLE timing: from 04/12/2017 11:41 to 04/12/2017 11:41 -
 - RTI VT 3100 timing: from 04/12/2017 11:41 to 04/12/2017 11:55 -
 - MANUAL QC GEN timing: from 04/12/2017 22:14 to 04/12/2017 22:14 -
 - FILE_PRESENCE timing: from 04/12/2017 22:14 to 04/12/2017 22:14 -
 - MAC-V023 timing: from 01/05/2018 15:34 to 01/05/2018 15:34 -</subfield>
    <subfield code="z">- VISUAL INSPECTION TABLE of U-Matic SP () true  - 
 - RTI VT 3100 of U-Matic SP () true  - 
 - MANUAL QC GEN of U-Matic SP () true  - 
 - FILE_PRESENCE of U-Matic SP () true  - 
 - MAC-V023 of U-Matic SP () true  -</subfield>
  </datafield>
  <datafield tag="583" ind1="1" ind2=" ">
    <subfield code="2">pda</subfield>
    <subfield code="3">U-Matic SP</subfield>
    <subfield code="5">SzGeCERN</subfield>
    <subfield code="6">WEEK52-public</subfield>
    <subfield code="8">b</subfield>
    <subfield code="a">digitized</subfield>
    <subfield code="b">C1V1: Composite	Signal - U-Matic, U-Matic SP, VHS, 1 inch C, 1 inch B, Video , Betamax</subfield>
    <subfield code="c">20171202</subfield>
    <subfield code="f">CERN Digital Memory Project</subfield>
    <subfield code="f">public</subfield>
    <subfield code="i">CREATE-MARC-run20180620_1037</subfield>
    <subfield code="k">PICTURAE</subfield>
    <subfield code="l">G. Martinelli B</subfield>
    <subfield code="u">https://cds.cern.ch/record/2257246</subfield>
    <subfield code="x">- VISUAL INSPECTION TABLE timing: from 02/12/2017 10:14 to 02/12/2017 10:14 -
 - RTI VT 3100 timing: from 02/12/2017 10:14 to 02/12/2017 10:45 -
 - MAC-V025 timing: from 02/12/2017 10:45 to 02/12/2017 11:56 -
 - MANUAL QC GEN timing: from 02/12/2017 21:50 to 02/12/2017 21:50 -
 - FILE_PRESENCE timing: from 02/12/2017 21:50 to 02/12/2017 21:50 -</subfield>
    <subfield code="z">- VISUAL INSPECTION TABLE of U-Matic SP () true  - 
 - RTI VT 3100 of U-Matic SP () true  - 
 - MAC-V025 of U-Matic SP () true Low RF, noisy picture - 
 - MANUAL QC GEN of U-Matic SP () true  - 
 - FILE_PRESENCE of U-Matic SP () true  -</subfield>
  </datafield>
  <datafield tag="583" ind1="1" ind2=" ">
    <subfield code="2">pda</subfield>
    <subfield code="3">U-Matic SP</subfield>
    <subfield code="5">SzGeCERN</subfield>
    <subfield code="6">WEEK52-public</subfield>
    <subfield code="8">c</subfield>
    <subfield code="a">digitized</subfield>
    <subfield code="b">C1V1: Composite	Signal - U-Matic, U-Matic SP, VHS, 1 inch C, 1 inch B, Video , Betamax</subfield>
    <subfield code="c">20171202</subfield>
    <subfield code="f">CERN Digital Memory Project</subfield>
    <subfield code="f">public</subfield>
    <subfield code="i">CREATE-MARC-run20180620_1037</subfield>
    <subfield code="k">PICTURAE</subfield>
    <subfield code="l">G. Martinelli C</subfield>
    <subfield code="u">https://cds.cern.ch/record/2257246</subfield>
    <subfield code="x">- VISUAL INSPECTION TABLE timing: from 01/12/2017 11:52 to 01/12/2017 11:52 -
 - RTI VT 3100 timing: from 01/12/2017 11:52 to 01/12/2017 11:56 -
 - MAC-V024 timing: from 01/12/2017 12:47 to 01/12/2017 14:14 -
 - MANUAL QC GEN timing: from 01/12/2017 22:53 to 01/12/2017 22:53 -
 - FILE_PRESENCE timing: from 01/12/2017 22:53 to 01/12/2017 22:53 -
 - MANUAL QC GEN timing: from 02/12/2017 02:50 to 02/12/2017 02:50 -
 - FILE_PRESENCE timing: from 02/12/2017 02:50 to 02/12/2017 02:50 -</subfield>
    <subfield code="z">- VISUAL INSPECTION TABLE of U-Matic SP () true  - 
 - RTI VT 3100 of U-Matic SP () true  - 
 - MAC-V024 of U-Matic SP () true Low RF, noisy picture - 
 - MANUAL QC GEN of U-Matic SP () true  - 
 - FILE_PRESENCE of U-Matic SP () true  - 
 - MANUAL QC GEN of U-Matic SP () true  - 
 - FILE_PRESENCE of U-Matic SP () true  -</subfield>
  </datafield>
  <datafield tag="583" ind1="1" ind2=" ">
    <subfield code="2">pda</subfield>
    <subfield code="3">U-Matic SP</subfield>
    <subfield code="5">SzGeCERN</subfield>
    <subfield code="6">WEEK52-public</subfield>
    <subfield code="8">e</subfield>
    <subfield code="a">digitized</subfield>
    <subfield code="b">C1V1: Composite	Signal - U-Matic, U-Matic SP, VHS, 1 inch C, 1 inch B, Video , Betamax</subfield>
    <subfield code="c">20171201</subfield>
    <subfield code="f">CERN Digital Memory Project</subfield>
    <subfield code="f">public</subfield>
    <subfield code="i">CREATE-MARC-run20180620_1037</subfield>
    <subfield code="k">PICTURAE</subfield>
    <subfield code="l">G. Martinelli E</subfield>
    <subfield code="u">https://cds.cern.ch/record/2257246</subfield>
    <subfield code="x">- VISUAL INSPECTION TABLE timing: from 01/12/2017 12:54 to 01/12/2017 12:54 -
 - RTI VT 3100 timing: from 01/12/2017 12:54 to 01/12/2017 12:58 -
 - MAC-V022 timing: from 01/12/2017 13:02 to 01/12/2017 14:16 -
 - MANUAL QC GEN timing: from 01/12/2017 21:40 to 01/12/2017 21:40 -
 - FILE_PRESENCE timing: from 01/12/2017 21:40 to 01/12/2017 21:40 -</subfield>
    <subfield code="z">- VISUAL INSPECTION TABLE of U-Matic SP () true  - 
 - RTI VT 3100 of U-Matic SP () true  - 
 - MAC-V022 of U-Matic SP () true Low RF, noisy picture - 
 - MANUAL QC GEN of U-Matic SP () true  - 
 - FILE_PRESENCE of U-Matic SP () true  -</subfield>
  </datafield>
  <datafield tag="583" ind1="1" ind2=" ">
    <subfield code="2">pda</subfield>
    <subfield code="3">U-Matic SP</subfield>
    <subfield code="5">SzGeCERN</subfield>
    <subfield code="6">WEEK11-public</subfield>
    <subfield code="8">d</subfield>
    <subfield code="a">digitized</subfield>
    <subfield code="b">C1V1: Composite	Signal - U-Matic, U-Matic SP, VHS, 1 inch C, 1 inch B, Video , Betamax</subfield>
    <subfield code="c">20180115</subfield>
    <subfield code="f">CERN Digital Memory Project</subfield>
    <subfield code="f">public</subfield>
    <subfield code="i">CREATE-MARC-run20180622_170630</subfield>
    <subfield code="k">PICTURAE</subfield>
    <subfield code="l">G. Martinelli D</subfield>
    <subfield code="u">https://cds.cern.ch/record/2257246</subfield>
    <subfield code="x">- VISUAL INSPECTION TABLE timing: from 01/12/2017 12:00 to 01/12/2017 12:00 -
 - RTI VT 3100 timing: from 01/12/2017 12:00 to 01/12/2017 12:08 -
 - MAC-V024 timing: from 01/12/2017 12:08 to 01/12/2017 12:10 -
 - OVEN timing: from 04/12/2017 15:57 to 05/12/2017 10:52 -
 - RTI VT 3100 timing: from 07/12/2017 17:31 to 07/12/2017 17:37 -
 - MAC-V025 timing: from 12/01/2018 15:04 to 12/01/2018 16:09 -
 - MANUAL QC GEN timing: from 15/01/2018 21:55 to 15/01/2018 21:55 -
 - FILE_PRESENCE timing: from 15/01/2018 21:55 to 15/01/2018 21:55 -</subfield>
    <subfield code="z">- VISUAL INSPECTION TABLE of U-Matic SP () true  - 
 - RTI VT 3100 of U-Matic SP () true  - 
 - MAC-V024 of U-Matic SP () false Low RF, noisy picture | Video tracking issue | High frequency interference pattern - 
 - OVEN of U-Matic SP () true  - 
 - RTI VT 3100 of U-Matic SP () true  - 
 - MAC-V025 of U-Matic SP () true Low RF, noisy picture - 
 - MANUAL QC GEN of U-Matic SP () true  - 
 - FILE_PRESENCE of U-Matic SP () true  -</subfield>
  </datafield>
  <datafield tag="583" ind1=" " ind2=" ">
    <subfield code="a">curation</subfield>
    <subfield code="c">Decembre 2020</subfield>
    <subfield code="8">a</subfield>
    <subfield code="z"> -Audio: TRUE -Video Signal: TRUE -Multiple:  -Relevant to CERN: TRUE -Action required: To be removed -Duplicate: TRUE</subfield>
  </datafield>
  <datafield tag="583" ind1=" " ind2=" ">
    <subfield code="a">curation</subfield>
    <subfield code="c">Decembre 2020</subfield>
    <subfield code="8">b</subfield>
    <subfield code="z"> -Audio: TRUE -Video Signal: TRUE -Multiple:  -Relevant to CERN: TRUE -Action required: To be removed -Duplicate: TRUE</subfield>
  </datafield>
  <datafield tag="583" ind1=" " ind2=" ">
    <subfield code="a">curation</subfield>
    <subfield code="c">Decembre 2020</subfield>
    <subfield code="8">c</subfield>
    <subfield code="z"> -Audio: TRUE -Video Signal: TRUE -Multiple:  -Relevant to CERN: TRUE -Action required: To be removed -Duplicate: TRUE</subfield>
  </datafield>
  <datafield tag="583" ind1=" " ind2=" ">
    <subfield code="a">curation</subfield>
    <subfield code="c">Decembre 2020</subfield>
    <subfield code="8">e</subfield>
    <subfield code="z"> -Audio: TRUE -Video Signal: TRUE -Multiple:  -Relevant to CERN: TRUE -Action required: To be removed -Duplicate: TRUE</subfield>
  </datafield>
  <datafield tag="583" ind1=" " ind2=" ">
    <subfield code="a">curation</subfield>
    <subfield code="c">Decembre 2020</subfield>
    <subfield code="8">d</subfield>
    <subfield code="z"> -Audio: TRUE -Video Signal: TRUE -Multiple:  -Relevant to CERN: TRUE -Action required: To be removed -Duplicate: TRUE</subfield>
  </datafield>
  <datafield tag="583" ind1="1" ind2=" ">
    <subfield code="3">U-Matic SP</subfield>
    <subfield code="b">C1V1</subfield>
    <subfield code="n">62,5333333333333</subfield>
    <subfield code="o">minutes</subfield>
    <subfield code="x">Low RF, noisy picture</subfield>
    <subfield code="8">a</subfield>
  </datafield>
  <datafield tag="583" ind1="1" ind2=" ">
    <subfield code="3">U-Matic SP</subfield>
    <subfield code="b">C1V1</subfield>
    <subfield code="n">59,1</subfield>
    <subfield code="o">minutes</subfield>
    <subfield code="x">Low RF, noisy picture</subfield>
    <subfield code="8">b</subfield>
  </datafield>
  <datafield tag="583" ind1="1" ind2=" ">
    <subfield code="3">U-Matic SP</subfield>
    <subfield code="b">C1V1</subfield>
    <subfield code="n">59,5566666666667</subfield>
    <subfield code="o">minutes</subfield>
    <subfield code="x">Low RF, noisy picture</subfield>
    <subfield code="8">c</subfield>
  </datafield>
  <datafield tag="583" ind1="1" ind2=" ">
    <subfield code="3">U-Matic SP</subfield>
    <subfield code="b">C1V1</subfield>
    <subfield code="n">59,5166666666667</subfield>
    <subfield code="o">minutes</subfield>
    <subfield code="x">Low RF, noisy picture</subfield>
    <subfield code="8">e</subfield>
  </datafield>
  <datafield tag="583" ind1="1" ind2=" ">
    <subfield code="3">U-Matic SP</subfield>
    <subfield code="b">C1V1</subfield>
    <subfield code="n">60,86</subfield>
    <subfield code="o">minutes</subfield>
    <subfield code="x">Video tracking issue</subfield>
    <subfield code="8">d</subfield>
  </datafield>
  <datafield tag="590" ind1=" " ind2=" ">
    <subfield code="8">a</subfield>
    <subfield code="9">review</subfield>
    <subfield code="a">Série de conférences portant sur certains aspects de la chromodynamique quantique (QCD)</subfield>
  </datafield>
  <datafield tag="590" ind1=" " ind2=" ">
    <subfield code="8">a</subfield>
    <subfield code="9">review</subfield>
    <subfield code="a">Conférence sur le QCD</subfield>
  </datafield>
  <datafield tag="594" ind1=" " ind2=" ">
    <subfield code="9">review</subfield>
    <subfield code="a">Conference Speech</subfield>
  </datafield>
  <datafield tag="595" ind1=" " ind2=" ">
    <subfield code="a">VHS video</subfield>
  </datafield>
  <datafield tag="595" ind1=" " ind2=" ">
    <subfield code="a">VIDEO-MF</subfield>
  </datafield>
  <datafield tag="597" ind1=" " ind2=" ">
    <subfield code="8">a</subfield>
    <subfield code="9">review</subfield>
    <subfield code="a">Début Conférence : 00:58</subfield>
  </datafield>
  <datafield tag="597" ind1=" " ind2=" ">
    <subfield code="8">b</subfield>
    <subfield code="9">review</subfield>
    <subfield code="a">fin Conférence : 57:54</subfield>
  </datafield>
  <datafield tag="597" ind1=" " ind2=" ">
    <subfield code="8">c</subfield>
    <subfield code="9">review</subfield>
    <subfield code="a">Début Conférence : 01:22</subfield>
  </datafield>
  <datafield tag="597" ind1=" " ind2=" ">
    <subfield code="8">e</subfield>
    <subfield code="9">review</subfield>
    <subfield code="a">Début Conférence : 00:55</subfield>
  </datafield>
  <datafield tag="650" ind1="1" ind2="7">
    <subfield code="2">SzGeCERN</subfield>
    <subfield code="a">Particle Physics</subfield>
  </datafield>
  <datafield tag="650" ind1="2" ind2="7">
    <subfield code="9">review</subfield>
    <subfield code="a">Portraits of science</subfield>
  </datafield>
  <datafield tag="653" ind1="1" ind2=" ">
    <subfield code="8">a</subfield>
    <subfield code="9">review</subfield>
    <subfield code="a">academic training</subfield>
  </datafield>
  <datafield tag="653" ind1="1" ind2=" ">
    <subfield code="8">a</subfield>
    <subfield code="9">review</subfield>
    <subfield code="a">particle physics</subfield>
  </datafield>
  <datafield tag="653" ind1="1" ind2=" ">
    <subfield code="8">a</subfield>
    <subfield code="9">review</subfield>
    <subfield code="a">QCD</subfield>
  </datafield>
  <datafield tag="653" ind1="1" ind2=" ">
    <subfield code="8">a</subfield>
    <subfield code="9">review</subfield>
    <subfield code="a">parton model</subfield>
  </datafield>
  <datafield tag="653" ind1="1" ind2=" ">
    <subfield code="8">a</subfield>
    <subfield code="9">review</subfield>
    <subfield code="a">conference</subfield>
  </datafield>
  <datafield tag="690" ind1="C" ind2=" ">
    <subfield code="a">ACAD</subfield>
  </datafield>
  <datafield tag="690" ind1="C" ind2=" ">
    <subfield code="a">CERN</subfield>
  </datafield>
  <datafield tag="690" ind1="C" ind2=" ">
    <subfield code="a">movingimages</subfield>
  </datafield>
  <datafield tag="690" ind1="C" ind2=" ">
    <subfield code="9">CERN QA</subfield>
    <subfield code="a">quality-controlled</subfield>
  </datafield>
  <datafield tag="690" ind1="C" ind2=" ">
    <subfield code="9">review</subfield>
    <subfield code="a">reviewed</subfield>
  </datafield>
  <datafield tag="710" ind1=" " ind2=" ">
    <subfield code="5">TH</subfield>
  </datafield>
  <datafield tag="710" ind1=" " ind2=" ">
    <subfield code="a">CERN. Geneva</subfield>
  </datafield>
  <datafield tag="852" ind1=" " ind2=" ">
    <subfield code="c">CERN Central Library</subfield>
    <subfield code="h">Acad. Train. 301</subfield>
  </datafield>
  <datafield tag="852" ind1=" " ind2=" ">
    <subfield code="c">CERN Depot 2, bldg. 2 (DE2)</subfield>
    <subfield code="h">1994 Martinelli</subfield>
  </datafield>
  <datafield tag="852" ind1=" " ind2=" ">
    <subfield code="c">CERN Depot 1, bldg. 2 (DE1)</subfield>
    <subfield code="h">1994 Martinelli 2</subfield>
  </datafield>
  <datafield tag="852" ind1=" " ind2=" ">
    <subfield code="c">CERN Depot 1, bldg. 2 (DE1)</subfield>
    <subfield code="h">1994 Martinelli 1</subfield>
  </datafield>
  <datafield tag="852" ind1=" " ind2=" ">
    <subfield code="c">CERN Central Library</subfield>
    <subfield code="h">301</subfield>
  </datafield>
  <datafield tag="852" ind1=" " ind2=" ">
    <subfield code="8">A</subfield>
    <subfield code="a">60</subfield>
    <subfield code="b">Z2721</subfield>
    <subfield code="c">CM-A00000311</subfield>
  </datafield>
  <datafield tag="852" ind1=" " ind2=" ">
    <subfield code="8">B</subfield>
    <subfield code="a">60</subfield>
    <subfield code="b">Z2721</subfield>
    <subfield code="c">CM-A00000311</subfield>
  </datafield>
  <datafield tag="852" ind1=" " ind2=" ">
    <subfield code="8">C</subfield>
    <subfield code="a">60</subfield>
    <subfield code="b">Z2721</subfield>
    <subfield code="c">CM-A00000311</subfield>
  </datafield>
  <datafield tag="852" ind1=" " ind2=" ">
    <subfield code="8">D</subfield>
    <subfield code="a">60</subfield>
    <subfield code="b">Z2721</subfield>
    <subfield code="c">CM-A00000311</subfield>
  </datafield>
  <datafield tag="852" ind1=" " ind2=" ">
    <subfield code="8">E</subfield>
    <subfield code="a">60</subfield>
    <subfield code="b">Z2721</subfield>
    <subfield code="c">CM-A00000311</subfield>
  </datafield>
  <datafield tag="856" ind1="4" ind2=" ">
    <subfield code="u">http://preprints.cern.ch/cgi-bin/setlink?base=AT&amp;categ=Academic_Training&amp;id=B00001402</subfield>
    <subfield code="y">Transparencies, pt.1</subfield>
  </datafield>
  <datafield tag="856" ind1="4" ind2=" ">
    <subfield code="u">http://preprints.cern.ch/cgi-bin/setlink?base=AT&amp;categ=Academic_Training&amp;id=B00008655</subfield>
    <subfield code="y">Transparencies, pt.2</subfield>
  </datafield>
  <datafield tag="856" ind1="4" ind2=" ">
    <subfield code="u">http://cds.cern.ch/record/280538/files/B00001402.pdf</subfield>
  </datafield>
  <datafield tag="856" ind1="4" ind2=" ">
    <subfield code="u">http://cds.cern.ch/record/280538/files/B00001402.tif</subfield>
    <subfield code="y">Transparencies, pt.1</subfield>
  </datafield>
  <datafield tag="856" ind1="4" ind2=" ">
    <subfield code="u">http://cds.cern.ch/record/280538/files/B00008655.tif</subfield>
    <subfield code="y">Transparencies, pt.2</subfield>
  </datafield>
  <datafield tag="856" ind1="4" ind2=" ">
    <subfield code="2">EOS</subfield>
    <subfield code="8">a</subfield>
    <subfield code="q">MP4</subfield>
    <subfield code="s">607150304</subfield>
    <subfield code="u">https://cern.ch/digital-memory/media-archive/video/open/mp4/280538-a.mp4</subfield>
    <subfield code="w">(PICTURAE:MD5)ac_C1V1_280538-a.mp4;618f5d400031b27c64cf47e9046a9321</subfield>
    <subfield code="y">Video-280538-a</subfield>
    <subfield code="z">mp4 video format (640x360)</subfield>
  </datafield>
  <datafield tag="856" ind1="4" ind2=" ">
    <subfield code="2">EOS</subfield>
    <subfield code="8">b</subfield>
    <subfield code="q">MP4</subfield>
    <subfield code="s">568952118</subfield>
    <subfield code="u">https://cern.ch/digital-memory/media-archive/video/open/mp4/280538-b.mp4</subfield>
    <subfield code="w">(PICTURAE:MD5)ac_C1V1_280538-b.mp4;eb6dc9efb8ba31dd563fe95658a1135d</subfield>
    <subfield code="y">Video-280538-b</subfield>
    <subfield code="z">mp4 video format (640x360)</subfield>
  </datafield>
  <datafield tag="856" ind1="4" ind2=" ">
    <subfield code="2">EOS</subfield>
    <subfield code="8">c</subfield>
    <subfield code="q">MP4</subfield>
    <subfield code="s">572794373</subfield>
    <subfield code="u">https://cern.ch/digital-memory/media-archive/video/open/mp4/280538-c.mp4</subfield>
    <subfield code="w">(PICTURAE:MD5)ac_C1V1_280538-c.mp4;13ae3b2b9aa09e0380da1f245dcff59e</subfield>
    <subfield code="y">Video-280538-c</subfield>
    <subfield code="z">mp4 video format (640x360)</subfield>
  </datafield>
  <datafield tag="856" ind1="4" ind2=" ">
    <subfield code="2">EOS</subfield>
    <subfield code="8">e</subfield>
    <subfield code="q">MP4</subfield>
    <subfield code="s">570730034</subfield>
    <subfield code="u">https://cern.ch/digital-memory/media-archive/video/open/mp4/280538-e.mp4</subfield>
    <subfield code="w">(PICTURAE:MD5)ac_C1V1_280538-e.mp4;121b71b0e57bba5913177ec1021bf607</subfield>
    <subfield code="y">Video-280538-e</subfield>
    <subfield code="z">mp4 video format (640x360)</subfield>
  </datafield>
  <datafield tag="856" ind1="4" ind2=" ">
    <subfield code="2">EOS</subfield>
    <subfield code="8">d</subfield>
    <subfield code="q">MP4</subfield>
    <subfield code="s">580572437</subfield>
    <subfield code="u">https://cern.ch/digital-memory/media-archive/video/open/mp4/280538-d.mp4</subfield>
    <subfield code="w">(PICTURAE:MD5)ac_C1V1_280538-d.mp4;9aedc5c463276d5194269163d09b1532</subfield>
    <subfield code="y">Video-280538-d</subfield>
    <subfield code="z">mp4 video format (640x360)</subfield>
  </datafield>
  <datafield tag="856" ind1="7" ind2=" ">
    <subfield code="2">MediaArchive</subfield>
    <subfield code="d">\\cern.ch\dfs\Services\MediaArchive\Video\Masters\Conferences\1994\CERN-VIDEO-C-180-A.avi</subfield>
    <subfield code="x">Absolute master path</subfield>
  </datafield>
  <datafield tag="856" ind1="7" ind2=" ">
    <subfield code="2">MediaArchive</subfield>
    <subfield code="u">http://mediaarchive.cern.ch/MediaArchive/Video/Public/Conferences/1994/CERN-VIDEO-C-180-A/CERN-VIDEO-C-180-A-0480-kbps-384x288-25-fps-audio-128-kbps-48-kHz-stereo.wmv</subfield>
    <subfield code="x">wmv0480</subfield>
    <subfield code="y">0480 kbps 384x288 25 fps audio 128 kbps 48 kHz stereo</subfield>
  </datafield>
  <datafield tag="856" ind1="7" ind2=" ">
    <subfield code="2">MediaArchive</subfield>
    <subfield code="u">http://mediaarchive.cern.ch/MediaArchive/Video/Public/Conferences/1994/CERN-VIDEO-C-180-A/CERN-VIDEO-C-180-A-0600-kbps-maxH-360-25-fps-audio-128-kbps-48-kHz-stereo.mp4</subfield>
    <subfield code="x">mp40600</subfield>
    <subfield code="y">0600 kbps maxH 360 25 fps audio 128 kbps 48 kHz stereo</subfield>
  </datafield>
  <datafield tag="856" ind1="7" ind2=" ">
    <subfield code="2">MediaArchive</subfield>
    <subfield code="u">http://mediaarchive.cern.ch/MediaArchive/Video/Public/Conferences/1994/CERN-VIDEO-C-180-A/CERN-VIDEO-C-180-A-0753-kbps-480x360-25-fps-audio-64-kbps-44-kHz-stereo.flv</subfield>
    <subfield code="x">flv0753</subfield>
    <subfield code="y">0753 kbps 480x360 25 fps audio 64 kbps 44 kHz stereo</subfield>
  </datafield>
  <datafield tag="856" ind1="7" ind2=" ">
    <subfield code="2">MediaArchive</subfield>
    <subfield code="u">http://mediaarchive.cern.ch/MediaArchive/Video/Public/Conferences/1994/CERN-VIDEO-C-180-A/CERN-VIDEO-C-180-A-posterframe-480x360-at-0-percent.jpg</subfield>
    <subfield code="x">jpgposterframe</subfield>
    <subfield code="y">posterframe 480x360 at 0 percent</subfield>
  </datafield>
  <datafield tag="856" ind1="7" ind2=" ">
    <subfield code="2">MediaArchive</subfield>
    <subfield code="u">http://mediaarchive.cern.ch/MediaArchive/Video/Public/Conferences/1994/CERN-VIDEO-C-180-A/CERN-VIDEO-C-180-A-posterframe-480x360-at-10-percent.jpg</subfield>
    <subfield code="x">jpgposterframe</subfield>
    <subfield code="y">posterframe 480x360 at 10 percent</subfield>
  </datafield>
  <datafield tag="856" ind1="7" ind2=" ">
    <subfield code="2">MediaArchive</subfield>
    <subfield code="u">http://mediaarchive.cern.ch/MediaArchive/Video/Public/Conferences/1994/CERN-VIDEO-C-180-A/CERN-VIDEO-C-180-A-posterframe-480x360-at-20-percent.jpg</subfield>
    <subfield code="x">jpgposterframe</subfield>
    <subfield code="y">posterframe 480x360 at 20 percent</subfield>
  </datafield>
  <datafield tag="856" ind1="7" ind2=" ">
    <subfield code="2">MediaArchive</subfield>
    <subfield code="u">http://mediaarchive.cern.ch/MediaArchive/Video/Public/Conferences/1994/CERN-VIDEO-C-180-A/CERN-VIDEO-C-180-A-posterframe-480x360-at-30-percent.jpg</subfield>
    <subfield code="x">jpgposterframe</subfield>
    <subfield code="y">posterframe 480x360 at 30 percent</subfield>
  </datafield>
  <datafield tag="856" ind1="7" ind2=" ">
    <subfield code="2">MediaArchive</subfield>
    <subfield code="u">http://mediaarchive.cern.ch/MediaArchive/Video/Public/Conferences/1994/CERN-VIDEO-C-180-A/CERN-VIDEO-C-180-A-posterframe-480x360-at-40-percent.jpg</subfield>
    <subfield code="x">jpgposterframe</subfield>
    <subfield code="y">posterframe 480x360 at 40 percent</subfield>
  </datafield>
  <datafield tag="856" ind1="7" ind2=" ">
    <subfield code="2">MediaArchive</subfield>
    <subfield code="u">http://mediaarchive.cern.ch/MediaArchive/Video/Public/Conferences/1994/CERN-VIDEO-C-180-A/CERN-VIDEO-C-180-A-posterframe-480x360-at-50-percent.jpg</subfield>
    <subfield code="x">jpgposterframe</subfield>
    <subfield code="y">posterframe 480x360 at 50 percent</subfield>
  </datafield>
  <datafield tag="856" ind1="7" ind2=" ">
    <subfield code="2">MediaArchive</subfield>
    <subfield code="u">http://mediaarchive.cern.ch/MediaArchive/Video/Public/Conferences/1994/CERN-VIDEO-C-180-A/CERN-VIDEO-C-180-A-posterframe-480x360-at-60-percent.jpg</subfield>
    <subfield code="x">jpgposterframe</subfield>
    <subfield code="y">posterframe 480x360 at 60 percent</subfield>
  </datafield>
  <datafield tag="856" ind1="7" ind2=" ">
    <subfield code="2">MediaArchive</subfield>
    <subfield code="u">http://mediaarchive.cern.ch/MediaArchive/Video/Public/Conferences/1994/CERN-VIDEO-C-180-A/CERN-VIDEO-C-180-A-posterframe-480x360-at-70-percent.jpg</subfield>
    <subfield code="x">jpgposterframe</subfield>
    <subfield code="y">posterframe 480x360 at 70 percent</subfield>
  </datafield>
  <datafield tag="856" ind1="7" ind2=" ">
    <subfield code="2">MediaArchive</subfield>
    <subfield code="u">http://mediaarchive.cern.ch/MediaArchive/Video/Public/Conferences/1994/CERN-VIDEO-C-180-A/CERN-VIDEO-C-180-A-posterframe-480x360-at-80-percent.jpg</subfield>
    <subfield code="x">jpgposterframe</subfield>
    <subfield code="y">posterframe 480x360 at 80 percent</subfield>
  </datafield>
  <datafield tag="856" ind1="7" ind2=" ">
    <subfield code="2">MediaArchive</subfield>
    <subfield code="u">http://mediaarchive.cern.ch/MediaArchive/Video/Public/Conferences/1994/CERN-VIDEO-C-180-A/CERN-VIDEO-C-180-A-posterframe-480x360-at-90-percent.jpg</subfield>
    <subfield code="x">jpgposterframe</subfield>
    <subfield code="y">posterframe 480x360 at 90 percent</subfield>
  </datafield>
  <datafield tag="856" ind1="7" ind2=" ">
    <subfield code="2">MediaArchive</subfield>
    <subfield code="u">http://mediaarchive.cern.ch/MediaArchive/Video/Public/Conferences/1994/CERN-VIDEO-C-180-A/CERN-VIDEO-C-180-A-thumbnail-180x135-at-05-percent.jpg</subfield>
    <subfield code="x">jpgthumbnail</subfield>
    <subfield code="y">thumbnail 180x135 at 05 percent</subfield>
  </datafield>
  <datafield tag="856" ind1="7" ind2=" ">
    <subfield code="2">MediaArchive</subfield>
    <subfield code="u">http://mediaarchive.cern.ch/MediaArchive/Video/Public/Conferences/1994/CERN-VIDEO-C-180-A/CERN-VIDEO-C-180-A-thumbnail-80x60-at-10-percent.jpg</subfield>
    <subfield code="x">jpgthumbnail</subfield>
    <subfield code="y">thumbnail 80x60 at 10 percent</subfield>
  </datafield>
  <datafield tag="856" ind1="7" ind2=" ">
    <subfield code="2">MediaArchive</subfield>
    <subfield code="u">http://mediaarchive.cern.ch/MediaArchive/Video/Public/Conferences/1994/CERN-VIDEO-C-180-A/CERN-VIDEO-C-180-A-thumbnail-80x60-at-20-percent.jpg</subfield>
    <subfield code="x">jpgthumbnail</subfield>
    <subfield code="y">thumbnail 80x60 at 20 percent</subfield>
  </datafield>
  <datafield tag="856" ind1="7" ind2=" ">
    <subfield code="2">MediaArchive</subfield>
    <subfield code="u">http://mediaarchive.cern.ch/MediaArchive/Video/Public/Conferences/1994/CERN-VIDEO-C-180-A/CERN-VIDEO-C-180-A-thumbnail-80x60-at-30-percent.jpg</subfield>
    <subfield code="x">jpgthumbnail</subfield>
    <subfield code="y">thumbnail 80x60 at 30 percent</subfield>
  </datafield>
  <datafield tag="856" ind1="7" ind2=" ">
    <subfield code="2">MediaArchive</subfield>
    <subfield code="u">http://mediaarchive.cern.ch/MediaArchive/Video/Public/Conferences/1994/CERN-VIDEO-C-180-A/CERN-VIDEO-C-180-A-thumbnail-80x60-at-40-percent.jpg</subfield>
    <subfield code="x">jpgthumbnail</subfield>
    <subfield code="y">thumbnail 80x60 at 40 percent</subfield>
  </datafield>
  <datafield tag="856" ind1="7" ind2=" ">
    <subfield code="2">MediaArchive</subfield>
    <subfield code="u">http://mediaarchive.cern.ch/MediaArchive/Video/Public/Conferences/1994/CERN-VIDEO-C-180-A/CERN-VIDEO-C-180-A-thumbnail-80x60-at-50-percent.jpg</subfield>
    <subfield code="x">jpgthumbnail</subfield>
    <subfield code="y">thumbnail 80x60 at 50 percent</subfield>
  </datafield>
  <datafield tag="856" ind1="7" ind2=" ">
    <subfield code="2">MediaArchive</subfield>
    <subfield code="u">http://mediaarchive.cern.ch/MediaArchive/Video/Public/Conferences/1994/CERN-VIDEO-C-180-A/CERN-VIDEO-C-180-A-thumbnail-80x60-at-60-percent.jpg</subfield>
    <subfield code="x">jpgthumbnail</subfield>
    <subfield code="y">thumbnail 80x60 at 60 percent</subfield>
  </datafield>
  <datafield tag="856" ind1="7" ind2=" ">
    <subfield code="2">MediaArchive</subfield>
    <subfield code="u">http://mediaarchive.cern.ch/MediaArchive/Video/Public/Conferences/1994/CERN-VIDEO-C-180-A/CERN-VIDEO-C-180-A-thumbnail-80x60-at-70-percent.jpg</subfield>
    <subfield code="x">jpgthumbnail</subfield>
    <subfield code="y">thumbnail 80x60 at 70 percent</subfield>
  </datafield>
  <datafield tag="856" ind1="7" ind2=" ">
    <subfield code="2">MediaArchive</subfield>
    <subfield code="u">http://mediaarchive.cern.ch/MediaArchive/Video/Public/Conferences/1994/CERN-VIDEO-C-180-A/CERN-VIDEO-C-180-A-thumbnail-80x60-at-80-percent.jpg</subfield>
    <subfield code="x">jpgthumbnail</subfield>
    <subfield code="y">thumbnail 80x60 at 80 percent</subfield>
  </datafield>
  <datafield tag="856" ind1="7" ind2=" ">
    <subfield code="2">MediaArchive</subfield>
    <subfield code="u">http://mediaarchive.cern.ch/MediaArchive/Video/Public/Conferences/1994/CERN-VIDEO-C-180-A/CERN-VIDEO-C-180-A-thumbnail-80x60-at-90-percent.jpg</subfield>
    <subfield code="x">jpgthumbnail</subfield>
    <subfield code="y">thumbnail 80x60 at 90 percent</subfield>
  </datafield>
  <datafield tag="856" ind1="7" ind2=" ">
    <subfield code="2">MediaArchive</subfield>
    <subfield code="d">\\cern.ch\dfs\Services\MediaArchive\Video\Masters\Conferences\1994\CERN-VIDEO-C-180-B.avi</subfield>
    <subfield code="x">Absolute master path</subfield>
  </datafield>
  <datafield tag="856" ind1="7" ind2=" ">
    <subfield code="2">MediaArchive</subfield>
    <subfield code="u">http://mediaarchive.cern.ch/MediaArchive/Video/Public/Conferences/1994/CERN-VIDEO-C-180-B/CERN-VIDEO-C-180-B-0480-kbps-384x288-25-fps-audio-128-kbps-48-kHz-stereo.wmv</subfield>
    <subfield code="x">wmv0480</subfield>
    <subfield code="y">0480 kbps 384x288 25 fps audio 128 kbps 48 kHz stereo</subfield>
  </datafield>
  <datafield tag="856" ind1="7" ind2=" ">
    <subfield code="2">MediaArchive</subfield>
    <subfield code="u">http://mediaarchive.cern.ch/MediaArchive/Video/Public/Conferences/1994/CERN-VIDEO-C-180-B/CERN-VIDEO-C-180-B-0600-kbps-maxH-360-25-fps-audio-128-kbps-48-kHz-stereo.mp4</subfield>
    <subfield code="x">mp40600</subfield>
    <subfield code="y">0600 kbps maxH 360 25 fps audio 128 kbps 48 kHz stereo</subfield>
  </datafield>
  <datafield tag="856" ind1="7" ind2=" ">
    <subfield code="2">MediaArchive</subfield>
    <subfield code="u">http://mediaarchive.cern.ch/MediaArchive/Video/Public/Conferences/1994/CERN-VIDEO-C-180-B/CERN-VIDEO-C-180-B-0753-kbps-480x360-25-fps-audio-64-kbps-44-kHz-stereo.flv</subfield>
    <subfield code="x">flv0753</subfield>
    <subfield code="y">0753 kbps 480x360 25 fps audio 64 kbps 44 kHz stereo</subfield>
  </datafield>
  <datafield tag="856" ind1="7" ind2=" ">
    <subfield code="2">MediaArchive</subfield>
    <subfield code="u">http://mediaarchive.cern.ch/MediaArchive/Video/Public/Conferences/1994/CERN-VIDEO-C-180-B/CERN-VIDEO-C-180-B-posterframe-480x360-at-0-percent.jpg</subfield>
    <subfield code="x">jpgposterframe</subfield>
    <subfield code="y">posterframe 480x360 at 0 percent</subfield>
  </datafield>
  <datafield tag="856" ind1="7" ind2=" ">
    <subfield code="2">MediaArchive</subfield>
    <subfield code="u">http://mediaarchive.cern.ch/MediaArchive/Video/Public/Conferences/1994/CERN-VIDEO-C-180-B/CERN-VIDEO-C-180-B-posterframe-480x360-at-10-percent.jpg</subfield>
    <subfield code="x">jpgposterframe</subfield>
    <subfield code="y">posterframe 480x360 at 10 percent</subfield>
  </datafield>
  <datafield tag="856" ind1="7" ind2=" ">
    <subfield code="2">MediaArchive</subfield>
    <subfield code="u">http://mediaarchive.cern.ch/MediaArchive/Video/Public/Conferences/1994/CERN-VIDEO-C-180-B/CERN-VIDEO-C-180-B-posterframe-480x360-at-20-percent.jpg</subfield>
    <subfield code="x">jpgposterframe</subfield>
    <subfield code="y">posterframe 480x360 at 20 percent</subfield>
  </datafield>
  <datafield tag="856" ind1="7" ind2=" ">
    <subfield code="2">MediaArchive</subfield>
    <subfield code="u">http://mediaarchive.cern.ch/MediaArchive/Video/Public/Conferences/1994/CERN-VIDEO-C-180-B/CERN-VIDEO-C-180-B-posterframe-480x360-at-30-percent.jpg</subfield>
    <subfield code="x">jpgposterframe</subfield>
    <subfield code="y">posterframe 480x360 at 30 percent</subfield>
  </datafield>
  <datafield tag="856" ind1="7" ind2=" ">
    <subfield code="2">MediaArchive</subfield>
    <subfield code="u">http://mediaarchive.cern.ch/MediaArchive/Video/Public/Conferences/1994/CERN-VIDEO-C-180-B/CERN-VIDEO-C-180-B-posterframe-480x360-at-40-percent.jpg</subfield>
    <subfield code="x">jpgposterframe</subfield>
    <subfield code="y">posterframe 480x360 at 40 percent</subfield>
  </datafield>
  <datafield tag="856" ind1="7" ind2=" ">
    <subfield code="2">MediaArchive</subfield>
    <subfield code="u">http://mediaarchive.cern.ch/MediaArchive/Video/Public/Conferences/1994/CERN-VIDEO-C-180-B/CERN-VIDEO-C-180-B-posterframe-480x360-at-50-percent.jpg</subfield>
    <subfield code="x">jpgposterframe</subfield>
    <subfield code="y">posterframe 480x360 at 50 percent</subfield>
  </datafield>
  <datafield tag="856" ind1="7" ind2=" ">
    <subfield code="2">MediaArchive</subfield>
    <subfield code="u">http://mediaarchive.cern.ch/MediaArchive/Video/Public/Conferences/1994/CERN-VIDEO-C-180-B/CERN-VIDEO-C-180-B-posterframe-480x360-at-60-percent.jpg</subfield>
    <subfield code="x">jpgposterframe</subfield>
    <subfield code="y">posterframe 480x360 at 60 percent</subfield>
  </datafield>
  <datafield tag="856" ind1="7" ind2=" ">
    <subfield code="2">MediaArchive</subfield>
    <subfield code="u">http://mediaarchive.cern.ch/MediaArchive/Video/Public/Conferences/1994/CERN-VIDEO-C-180-B/CERN-VIDEO-C-180-B-posterframe-480x360-at-70-percent.jpg</subfield>
    <subfield code="x">jpgposterframe</subfield>
    <subfield code="y">posterframe 480x360 at 70 percent</subfield>
  </datafield>
  <datafield tag="856" ind1="7" ind2=" ">
    <subfield code="2">MediaArchive</subfield>
    <subfield code="u">http://mediaarchive.cern.ch/MediaArchive/Video/Public/Conferences/1994/CERN-VIDEO-C-180-B/CERN-VIDEO-C-180-B-posterframe-480x360-at-80-percent.jpg</subfield>
    <subfield code="x">jpgposterframe</subfield>
    <subfield code="y">posterframe 480x360 at 80 percent</subfield>
  </datafield>
  <datafield tag="856" ind1="7" ind2=" ">
    <subfield code="2">MediaArchive</subfield>
    <subfield code="u">http://mediaarchive.cern.ch/MediaArchive/Video/Public/Conferences/1994/CERN-VIDEO-C-180-B/CERN-VIDEO-C-180-B-posterframe-480x360-at-90-percent.jpg</subfield>
    <subfield code="x">jpgposterframe</subfield>
    <subfield code="y">posterframe 480x360 at 90 percent</subfield>
  </datafield>
  <datafield tag="856" ind1="7" ind2=" ">
    <subfield code="2">MediaArchive</subfield>
    <subfield code="u">http://mediaarchive.cern.ch/MediaArchive/Video/Public/Conferences/1994/CERN-VIDEO-C-180-B/CERN-VIDEO-C-180-B-thumbnail-180x135-at-05-percent.jpg</subfield>
    <subfield code="x">jpgthumbnail</subfield>
    <subfield code="y">thumbnail 180x135 at 05 percent</subfield>
  </datafield>
  <datafield tag="856" ind1="7" ind2=" ">
    <subfield code="2">MediaArchive</subfield>
    <subfield code="u">http://mediaarchive.cern.ch/MediaArchive/Video/Public/Conferences/1994/CERN-VIDEO-C-180-B/CERN-VIDEO-C-180-B-thumbnail-80x60-at-10-percent.jpg</subfield>
    <subfield code="x">jpgthumbnail</subfield>
    <subfield code="y">thumbnail 80x60 at 10 percent</subfield>
  </datafield>
  <datafield tag="856" ind1="7" ind2=" ">
    <subfield code="2">MediaArchive</subfield>
    <subfield code="u">http://mediaarchive.cern.ch/MediaArchive/Video/Public/Conferences/1994/CERN-VIDEO-C-180-B/CERN-VIDEO-C-180-B-thumbnail-80x60-at-20-percent.jpg</subfield>
    <subfield code="x">jpgthumbnail</subfield>
    <subfield code="y">thumbnail 80x60 at 20 percent</subfield>
  </datafield>
  <datafield tag="856" ind1="7" ind2=" ">
    <subfield code="2">MediaArchive</subfield>
    <subfield code="u">http://mediaarchive.cern.ch/MediaArchive/Video/Public/Conferences/1994/CERN-VIDEO-C-180-B/CERN-VIDEO-C-180-B-thumbnail-80x60-at-30-percent.jpg</subfield>
    <subfield code="x">jpgthumbnail</subfield>
    <subfield code="y">thumbnail 80x60 at 30 percent</subfield>
  </datafield>
  <datafield tag="856" ind1="7" ind2=" ">
    <subfield code="2">MediaArchive</subfield>
    <subfield code="u">http://mediaarchive.cern.ch/MediaArchive/Video/Public/Conferences/1994/CERN-VIDEO-C-180-B/CERN-VIDEO-C-180-B-thumbnail-80x60-at-40-percent.jpg</subfield>
    <subfield code="x">jpgthumbnail</subfield>
    <subfield code="y">thumbnail 80x60 at 40 percent</subfield>
  </datafield>
  <datafield tag="856" ind1="7" ind2=" ">
    <subfield code="2">MediaArchive</subfield>
    <subfield code="u">http://mediaarchive.cern.ch/MediaArchive/Video/Public/Conferences/1994/CERN-VIDEO-C-180-B/CERN-VIDEO-C-180-B-thumbnail-80x60-at-50-percent.jpg</subfield>
    <subfield code="x">jpgthumbnail</subfield>
    <subfield code="y">thumbnail 80x60 at 50 percent</subfield>
  </datafield>
  <datafield tag="856" ind1="7" ind2=" ">
    <subfield code="2">MediaArchive</subfield>
    <subfield code="u">http://mediaarchive.cern.ch/MediaArchive/Video/Public/Conferences/1994/CERN-VIDEO-C-180-B/CERN-VIDEO-C-180-B-thumbnail-80x60-at-60-percent.jpg</subfield>
    <subfield code="x">jpgthumbnail</subfield>
    <subfield code="y">thumbnail 80x60 at 60 percent</subfield>
  </datafield>
  <datafield tag="856" ind1="7" ind2=" ">
    <subfield code="2">MediaArchive</subfield>
    <subfield code="u">http://mediaarchive.cern.ch/MediaArchive/Video/Public/Conferences/1994/CERN-VIDEO-C-180-B/CERN-VIDEO-C-180-B-thumbnail-80x60-at-70-percent.jpg</subfield>
    <subfield code="x">jpgthumbnail</subfield>
    <subfield code="y">thumbnail 80x60 at 70 percent</subfield>
  </datafield>
  <datafield tag="856" ind1="7" ind2=" ">
    <subfield code="2">MediaArchive</subfield>
    <subfield code="u">http://mediaarchive.cern.ch/MediaArchive/Video/Public/Conferences/1994/CERN-VIDEO-C-180-B/CERN-VIDEO-C-180-B-thumbnail-80x60-at-80-percent.jpg</subfield>
    <subfield code="x">jpgthumbnail</subfield>
    <subfield code="y">thumbnail 80x60 at 80 percent</subfield>
  </datafield>
  <datafield tag="856" ind1="7" ind2=" ">
    <subfield code="2">MediaArchive</subfield>
    <subfield code="u">http://mediaarchive.cern.ch/MediaArchive/Video/Public/Conferences/1994/CERN-VIDEO-C-180-B/CERN-VIDEO-C-180-B-thumbnail-80x60-at-90-percent.jpg</subfield>
    <subfield code="x">jpgthumbnail</subfield>
    <subfield code="y">thumbnail 80x60 at 90 percent</subfield>
  </datafield>
  <datafield tag="856" ind1="7" ind2=" ">
    <subfield code="2">MediaArchive</subfield>
    <subfield code="d">\\cern.ch\dfs\Services\MediaArchive\Video\Masters\Conferences\1994\CERN-VIDEO-C-180-C.avi</subfield>
    <subfield code="x">Absolute master path</subfield>
  </datafield>
  <datafield tag="856" ind1="7" ind2=" ">
    <subfield code="2">MediaArchive</subfield>
    <subfield code="u">http://mediaarchive.cern.ch/MediaArchive/Video/Public/Conferences/1994/CERN-VIDEO-C-180-C/CERN-VIDEO-C-180-C-0480-kbps-384x288-25-fps-audio-128-kbps-48-kHz-stereo.wmv</subfield>
    <subfield code="x">wmv0480</subfield>
    <subfield code="y">0480 kbps 384x288 25 fps audio 128 kbps 48 kHz stereo</subfield>
  </datafield>
  <datafield tag="856" ind1="7" ind2=" ">
    <subfield code="2">MediaArchive</subfield>
    <subfield code="u">http://mediaarchive.cern.ch/MediaArchive/Video/Public/Conferences/1994/CERN-VIDEO-C-180-C/CERN-VIDEO-C-180-C-0600-kbps-maxH-360-25-fps-audio-128-kbps-48-kHz-stereo.mp4</subfield>
    <subfield code="x">mp40600</subfield>
    <subfield code="y">0600 kbps maxH 360 25 fps audio 128 kbps 48 kHz stereo</subfield>
  </datafield>
  <datafield tag="856" ind1="7" ind2=" ">
    <subfield code="2">MediaArchive</subfield>
    <subfield code="u">http://mediaarchive.cern.ch/MediaArchive/Video/Public/Conferences/1994/CERN-VIDEO-C-180-C/CERN-VIDEO-C-180-C-0753-kbps-480x360-25-fps-audio-64-kbps-44-kHz-stereo.flv</subfield>
    <subfield code="x">flv0753</subfield>
    <subfield code="y">0753 kbps 480x360 25 fps audio 64 kbps 44 kHz stereo</subfield>
  </datafield>
  <datafield tag="856" ind1="7" ind2=" ">
    <subfield code="2">MediaArchive</subfield>
    <subfield code="u">http://mediaarchive.cern.ch/MediaArchive/Video/Public/Conferences/1994/CERN-VIDEO-C-180-C/CERN-VIDEO-C-180-C-posterframe-480x360-at-0-percent.jpg</subfield>
    <subfield code="x">jpgposterframe</subfield>
    <subfield code="y">posterframe 480x360 at 0 percent</subfield>
  </datafield>
  <datafield tag="856" ind1="7" ind2=" ">
    <subfield code="2">MediaArchive</subfield>
    <subfield code="u">http://mediaarchive.cern.ch/MediaArchive/Video/Public/Conferences/1994/CERN-VIDEO-C-180-C/CERN-VIDEO-C-180-C-posterframe-480x360-at-10-percent.jpg</subfield>
    <subfield code="x">jpgposterframe</subfield>
    <subfield code="y">posterframe 480x360 at 10 percent</subfield>
  </datafield>
  <datafield tag="856" ind1="7" ind2=" ">
    <subfield code="2">MediaArchive</subfield>
    <subfield code="u">http://mediaarchive.cern.ch/MediaArchive/Video/Public/Conferences/1994/CERN-VIDEO-C-180-C/CERN-VIDEO-C-180-C-posterframe-480x360-at-20-percent.jpg</subfield>
    <subfield code="x">jpgposterframe</subfield>
    <subfield code="y">posterframe 480x360 at 20 percent</subfield>
  </datafield>
  <datafield tag="856" ind1="7" ind2=" ">
    <subfield code="2">MediaArchive</subfield>
    <subfield code="u">http://mediaarchive.cern.ch/MediaArchive/Video/Public/Conferences/1994/CERN-VIDEO-C-180-C/CERN-VIDEO-C-180-C-posterframe-480x360-at-30-percent.jpg</subfield>
    <subfield code="x">jpgposterframe</subfield>
    <subfield code="y">posterframe 480x360 at 30 percent</subfield>
  </datafield>
  <datafield tag="856" ind1="7" ind2=" ">
    <subfield code="2">MediaArchive</subfield>
    <subfield code="u">http://mediaarchive.cern.ch/MediaArchive/Video/Public/Conferences/1994/CERN-VIDEO-C-180-C/CERN-VIDEO-C-180-C-posterframe-480x360-at-40-percent.jpg</subfield>
    <subfield code="x">jpgposterframe</subfield>
    <subfield code="y">posterframe 480x360 at 40 percent</subfield>
  </datafield>
  <datafield tag="856" ind1="7" ind2=" ">
    <subfield code="2">MediaArchive</subfield>
    <subfield code="u">http://mediaarchive.cern.ch/MediaArchive/Video/Public/Conferences/1994/CERN-VIDEO-C-180-C/CERN-VIDEO-C-180-C-posterframe-480x360-at-50-percent.jpg</subfield>
    <subfield code="x">jpgposterframe</subfield>
    <subfield code="y">posterframe 480x360 at 50 percent</subfield>
  </datafield>
  <datafield tag="856" ind1="7" ind2=" ">
    <subfield code="2">MediaArchive</subfield>
    <subfield code="u">http://mediaarchive.cern.ch/MediaArchive/Video/Public/Conferences/1994/CERN-VIDEO-C-180-C/CERN-VIDEO-C-180-C-posterframe-480x360-at-60-percent.jpg</subfield>
    <subfield code="x">jpgposterframe</subfield>
    <subfield code="y">posterframe 480x360 at 60 percent</subfield>
  </datafield>
  <datafield tag="856" ind1="7" ind2=" ">
    <subfield code="2">MediaArchive</subfield>
    <subfield code="u">http://mediaarchive.cern.ch/MediaArchive/Video/Public/Conferences/1994/CERN-VIDEO-C-180-C/CERN-VIDEO-C-180-C-posterframe-480x360-at-70-percent.jpg</subfield>
    <subfield code="x">jpgposterframe</subfield>
    <subfield code="y">posterframe 480x360 at 70 percent</subfield>
  </datafield>
  <datafield tag="856" ind1="7" ind2=" ">
    <subfield code="2">MediaArchive</subfield>
    <subfield code="u">http://mediaarchive.cern.ch/MediaArchive/Video/Public/Conferences/1994/CERN-VIDEO-C-180-C/CERN-VIDEO-C-180-C-posterframe-480x360-at-80-percent.jpg</subfield>
    <subfield code="x">jpgposterframe</subfield>
    <subfield code="y">posterframe 480x360 at 80 percent</subfield>
  </datafield>
  <datafield tag="856" ind1="7" ind2=" ">
    <subfield code="2">MediaArchive</subfield>
    <subfield code="u">http://mediaarchive.cern.ch/MediaArchive/Video/Public/Conferences/1994/CERN-VIDEO-C-180-C/CERN-VIDEO-C-180-C-posterframe-480x360-at-90-percent.jpg</subfield>
    <subfield code="x">jpgposterframe</subfield>
    <subfield code="y">posterframe 480x360 at 90 percent</subfield>
  </datafield>
  <datafield tag="856" ind1="7" ind2=" ">
    <subfield code="2">MediaArchive</subfield>
    <subfield code="u">http://mediaarchive.cern.ch/MediaArchive/Video/Public/Conferences/1994/CERN-VIDEO-C-180-C/CERN-VIDEO-C-180-C-thumbnail-180x135-at-05-percent.jpg</subfield>
    <subfield code="x">jpgthumbnail</subfield>
    <subfield code="y">thumbnail 180x135 at 05 percent</subfield>
  </datafield>
  <datafield tag="856" ind1="7" ind2=" ">
    <subfield code="2">MediaArchive</subfield>
    <subfield code="u">http://mediaarchive.cern.ch/MediaArchive/Video/Public/Conferences/1994/CERN-VIDEO-C-180-C/CERN-VIDEO-C-180-C-thumbnail-80x60-at-10-percent.jpg</subfield>
    <subfield code="x">jpgthumbnail</subfield>
    <subfield code="y">thumbnail 80x60 at 10 percent</subfield>
  </datafield>
  <datafield tag="856" ind1="7" ind2=" ">
    <subfield code="2">MediaArchive</subfield>
    <subfield code="u">http://mediaarchive.cern.ch/MediaArchive/Video/Public/Conferences/1994/CERN-VIDEO-C-180-C/CERN-VIDEO-C-180-C-thumbnail-80x60-at-20-percent.jpg</subfield>
    <subfield code="x">jpgthumbnail</subfield>
    <subfield code="y">thumbnail 80x60 at 20 percent</subfield>
  </datafield>
  <datafield tag="856" ind1="7" ind2=" ">
    <subfield code="2">MediaArchive</subfield>
    <subfield code="u">http://mediaarchive.cern.ch/MediaArchive/Video/Public/Conferences/1994/CERN-VIDEO-C-180-C/CERN-VIDEO-C-180-C-thumbnail-80x60-at-30-percent.jpg</subfield>
    <subfield code="x">jpgthumbnail</subfield>
    <subfield code="y">thumbnail 80x60 at 30 percent</subfield>
  </datafield>
  <datafield tag="856" ind1="7" ind2=" ">
    <subfield code="2">MediaArchive</subfield>
    <subfield code="u">http://mediaarchive.cern.ch/MediaArchive/Video/Public/Conferences/1994/CERN-VIDEO-C-180-C/CERN-VIDEO-C-180-C-thumbnail-80x60-at-40-percent.jpg</subfield>
    <subfield code="x">jpgthumbnail</subfield>
    <subfield code="y">thumbnail 80x60 at 40 percent</subfield>
  </datafield>
  <datafield tag="856" ind1="7" ind2=" ">
    <subfield code="2">MediaArchive</subfield>
    <subfield code="u">http://mediaarchive.cern.ch/MediaArchive/Video/Public/Conferences/1994/CERN-VIDEO-C-180-C/CERN-VIDEO-C-180-C-thumbnail-80x60-at-50-percent.jpg</subfield>
    <subfield code="x">jpgthumbnail</subfield>
    <subfield code="y">thumbnail 80x60 at 50 percent</subfield>
  </datafield>
  <datafield tag="856" ind1="7" ind2=" ">
    <subfield code="2">MediaArchive</subfield>
    <subfield code="u">http://mediaarchive.cern.ch/MediaArchive/Video/Public/Conferences/1994/CERN-VIDEO-C-180-C/CERN-VIDEO-C-180-C-thumbnail-80x60-at-60-percent.jpg</subfield>
    <subfield code="x">jpgthumbnail</subfield>
    <subfield code="y">thumbnail 80x60 at 60 percent</subfield>
  </datafield>
  <datafield tag="856" ind1="7" ind2=" ">
    <subfield code="2">MediaArchive</subfield>
    <subfield code="u">http://mediaarchive.cern.ch/MediaArchive/Video/Public/Conferences/1994/CERN-VIDEO-C-180-C/CERN-VIDEO-C-180-C-thumbnail-80x60-at-70-percent.jpg</subfield>
    <subfield code="x">jpgthumbnail</subfield>
    <subfield code="y">thumbnail 80x60 at 70 percent</subfield>
  </datafield>
  <datafield tag="856" ind1="7" ind2=" ">
    <subfield code="2">MediaArchive</subfield>
    <subfield code="u">http://mediaarchive.cern.ch/MediaArchive/Video/Public/Conferences/1994/CERN-VIDEO-C-180-C/CERN-VIDEO-C-180-C-thumbnail-80x60-at-80-percent.jpg</subfield>
    <subfield code="x">jpgthumbnail</subfield>
    <subfield code="y">thumbnail 80x60 at 80 percent</subfield>
  </datafield>
  <datafield tag="856" ind1="7" ind2=" ">
    <subfield code="2">MediaArchive</subfield>
    <subfield code="u">http://mediaarchive.cern.ch/MediaArchive/Video/Public/Conferences/1994/CERN-VIDEO-C-180-C/CERN-VIDEO-C-180-C-thumbnail-80x60-at-90-percent.jpg</subfield>
    <subfield code="x">jpgthumbnail</subfield>
    <subfield code="y">thumbnail 80x60 at 90 percent</subfield>
  </datafield>
  <datafield tag="856" ind1="7" ind2=" ">
    <subfield code="2">MediaArchive</subfield>
    <subfield code="d">\\cern.ch\dfs\Services\MediaArchive\Video\Masters\Conferences\1994\CERN-VIDEO-C-180-D.avi</subfield>
    <subfield code="x">Absolute master path</subfield>
  </datafield>
  <datafield tag="856" ind1="7" ind2=" ">
    <subfield code="2">MediaArchive</subfield>
    <subfield code="u">http://mediaarchive.cern.ch/MediaArchive/Video/Public/Conferences/1994/CERN-VIDEO-C-180-D/CERN-VIDEO-C-180-D-0480-kbps-384x288-25-fps-audio-128-kbps-48-kHz-stereo.wmv</subfield>
    <subfield code="x">wmv0480</subfield>
    <subfield code="y">0480 kbps 384x288 25 fps audio 128 kbps 48 kHz stereo</subfield>
  </datafield>
  <datafield tag="856" ind1="7" ind2=" ">
    <subfield code="2">MediaArchive</subfield>
    <subfield code="u">http://mediaarchive.cern.ch/MediaArchive/Video/Public/Conferences/1994/CERN-VIDEO-C-180-D/CERN-VIDEO-C-180-D-0600-kbps-maxH-360-25-fps-audio-128-kbps-48-kHz-stereo.mp4</subfield>
    <subfield code="x">mp40600</subfield>
    <subfield code="y">0600 kbps maxH 360 25 fps audio 128 kbps 48 kHz stereo</subfield>
  </datafield>
  <datafield tag="856" ind1="7" ind2=" ">
    <subfield code="2">MediaArchive</subfield>
    <subfield code="u">http://mediaarchive.cern.ch/MediaArchive/Video/Public/Conferences/1994/CERN-VIDEO-C-180-D/CERN-VIDEO-C-180-D-0753-kbps-480x360-25-fps-audio-64-kbps-44-kHz-stereo.flv</subfield>
    <subfield code="x">flv0753</subfield>
    <subfield code="y">0753 kbps 480x360 25 fps audio 64 kbps 44 kHz stereo</subfield>
  </datafield>
  <datafield tag="856" ind1="7" ind2=" ">
    <subfield code="2">MediaArchive</subfield>
    <subfield code="u">http://mediaarchive.cern.ch/MediaArchive/Video/Public/Conferences/1994/CERN-VIDEO-C-180-D/CERN-VIDEO-C-180-D-posterframe-480x360-at-0-percent.jpg</subfield>
    <subfield code="x">jpgposterframe</subfield>
    <subfield code="y">posterframe 480x360 at 0 percent</subfield>
  </datafield>
  <datafield tag="856" ind1="7" ind2=" ">
    <subfield code="2">MediaArchive</subfield>
    <subfield code="u">http://mediaarchive.cern.ch/MediaArchive/Video/Public/Conferences/1994/CERN-VIDEO-C-180-D/CERN-VIDEO-C-180-D-posterframe-480x360-at-10-percent.jpg</subfield>
    <subfield code="x">jpgposterframe</subfield>
    <subfield code="y">posterframe 480x360 at 10 percent</subfield>
  </datafield>
  <datafield tag="856" ind1="7" ind2=" ">
    <subfield code="2">MediaArchive</subfield>
    <subfield code="u">http://mediaarchive.cern.ch/MediaArchive/Video/Public/Conferences/1994/CERN-VIDEO-C-180-D/CERN-VIDEO-C-180-D-posterframe-480x360-at-20-percent.jpg</subfield>
    <subfield code="x">jpgposterframe</subfield>
    <subfield code="y">posterframe 480x360 at 20 percent</subfield>
  </datafield>
  <datafield tag="856" ind1="7" ind2=" ">
    <subfield code="2">MediaArchive</subfield>
    <subfield code="u">http://mediaarchive.cern.ch/MediaArchive/Video/Public/Conferences/1994/CERN-VIDEO-C-180-D/CERN-VIDEO-C-180-D-posterframe-480x360-at-30-percent.jpg</subfield>
    <subfield code="x">jpgposterframe</subfield>
    <subfield code="y">posterframe 480x360 at 30 percent</subfield>
  </datafield>
  <datafield tag="856" ind1="7" ind2=" ">
    <subfield code="2">MediaArchive</subfield>
    <subfield code="u">http://mediaarchive.cern.ch/MediaArchive/Video/Public/Conferences/1994/CERN-VIDEO-C-180-D/CERN-VIDEO-C-180-D-posterframe-480x360-at-40-percent.jpg</subfield>
    <subfield code="x">jpgposterframe</subfield>
    <subfield code="y">posterframe 480x360 at 40 percent</subfield>
  </datafield>
  <datafield tag="856" ind1="7" ind2=" ">
    <subfield code="2">MediaArchive</subfield>
    <subfield code="u">http://mediaarchive.cern.ch/MediaArchive/Video/Public/Conferences/1994/CERN-VIDEO-C-180-D/CERN-VIDEO-C-180-D-posterframe-480x360-at-50-percent.jpg</subfield>
    <subfield code="x">jpgposterframe</subfield>
    <subfield code="y">posterframe 480x360 at 50 percent</subfield>
  </datafield>
  <datafield tag="856" ind1="7" ind2=" ">
    <subfield code="2">MediaArchive</subfield>
    <subfield code="u">http://mediaarchive.cern.ch/MediaArchive/Video/Public/Conferences/1994/CERN-VIDEO-C-180-D/CERN-VIDEO-C-180-D-posterframe-480x360-at-60-percent.jpg</subfield>
    <subfield code="x">jpgposterframe</subfield>
    <subfield code="y">posterframe 480x360 at 60 percent</subfield>
  </datafield>
  <datafield tag="856" ind1="7" ind2=" ">
    <subfield code="2">MediaArchive</subfield>
    <subfield code="u">http://mediaarchive.cern.ch/MediaArchive/Video/Public/Conferences/1994/CERN-VIDEO-C-180-D/CERN-VIDEO-C-180-D-posterframe-480x360-at-70-percent.jpg</subfield>
    <subfield code="x">jpgposterframe</subfield>
    <subfield code="y">posterframe 480x360 at 70 percent</subfield>
  </datafield>
  <datafield tag="856" ind1="7" ind2=" ">
    <subfield code="2">MediaArchive</subfield>
    <subfield code="u">http://mediaarchive.cern.ch/MediaArchive/Video/Public/Conferences/1994/CERN-VIDEO-C-180-D/CERN-VIDEO-C-180-D-posterframe-480x360-at-80-percent.jpg</subfield>
    <subfield code="x">jpgposterframe</subfield>
    <subfield code="y">posterframe 480x360 at 80 percent</subfield>
  </datafield>
  <datafield tag="856" ind1="7" ind2=" ">
    <subfield code="2">MediaArchive</subfield>
    <subfield code="u">http://mediaarchive.cern.ch/MediaArchive/Video/Public/Conferences/1994/CERN-VIDEO-C-180-D/CERN-VIDEO-C-180-D-posterframe-480x360-at-90-percent.jpg</subfield>
    <subfield code="x">jpgposterframe</subfield>
    <subfield code="y">posterframe 480x360 at 90 percent</subfield>
  </datafield>
  <datafield tag="856" ind1="7" ind2=" ">
    <subfield code="2">MediaArchive</subfield>
    <subfield code="u">http://mediaarchive.cern.ch/MediaArchive/Video/Public/Conferences/1994/CERN-VIDEO-C-180-D/CERN-VIDEO-C-180-D-thumbnail-180x135-at-05-percent.jpg</subfield>
    <subfield code="x">jpgthumbnail</subfield>
    <subfield code="y">thumbnail 180x135 at 05 percent</subfield>
  </datafield>
  <datafield tag="856" ind1="7" ind2=" ">
    <subfield code="2">MediaArchive</subfield>
    <subfield code="u">http://mediaarchive.cern.ch/MediaArchive/Video/Public/Conferences/1994/CERN-VIDEO-C-180-D/CERN-VIDEO-C-180-D-thumbnail-80x60-at-10-percent.jpg</subfield>
    <subfield code="x">jpgthumbnail</subfield>
    <subfield code="y">thumbnail 80x60 at 10 percent</subfield>
  </datafield>
  <datafield tag="856" ind1="7" ind2=" ">
    <subfield code="2">MediaArchive</subfield>
    <subfield code="u">http://mediaarchive.cern.ch/MediaArchive/Video/Public/Conferences/1994/CERN-VIDEO-C-180-D/CERN-VIDEO-C-180-D-thumbnail-80x60-at-20-percent.jpg</subfield>
    <subfield code="x">jpgthumbnail</subfield>
    <subfield code="y">thumbnail 80x60 at 20 percent</subfield>
  </datafield>
  <datafield tag="856" ind1="7" ind2=" ">
    <subfield code="2">MediaArchive</subfield>
    <subfield code="u">http://mediaarchive.cern.ch/MediaArchive/Video/Public/Conferences/1994/CERN-VIDEO-C-180-D/CERN-VIDEO-C-180-D-thumbnail-80x60-at-30-percent.jpg</subfield>
    <subfield code="x">jpgthumbnail</subfield>
    <subfield code="y">thumbnail 80x60 at 30 percent</subfield>
  </datafield>
  <datafield tag="856" ind1="7" ind2=" ">
    <subfield code="2">MediaArchive</subfield>
    <subfield code="u">http://mediaarchive.cern.ch/MediaArchive/Video/Public/Conferences/1994/CERN-VIDEO-C-180-D/CERN-VIDEO-C-180-D-thumbnail-80x60-at-40-percent.jpg</subfield>
    <subfield code="x">jpgthumbnail</subfield>
    <subfield code="y">thumbnail 80x60 at 40 percent</subfield>
  </datafield>
  <datafield tag="856" ind1="7" ind2=" ">
    <subfield code="2">MediaArchive</subfield>
    <subfield code="u">http://mediaarchive.cern.ch/MediaArchive/Video/Public/Conferences/1994/CERN-VIDEO-C-180-D/CERN-VIDEO-C-180-D-thumbnail-80x60-at-50-percent.jpg</subfield>
    <subfield code="x">jpgthumbnail</subfield>
    <subfield code="y">thumbnail 80x60 at 50 percent</subfield>
  </datafield>
  <datafield tag="856" ind1="7" ind2=" ">
    <subfield code="2">MediaArchive</subfield>
    <subfield code="u">http://mediaarchive.cern.ch/MediaArchive/Video/Public/Conferences/1994/CERN-VIDEO-C-180-D/CERN-VIDEO-C-180-D-thumbnail-80x60-at-60-percent.jpg</subfield>
    <subfield code="x">jpgthumbnail</subfield>
    <subfield code="y">thumbnail 80x60 at 60 percent</subfield>
  </datafield>
  <datafield tag="856" ind1="7" ind2=" ">
    <subfield code="2">MediaArchive</subfield>
    <subfield code="u">http://mediaarchive.cern.ch/MediaArchive/Video/Public/Conferences/1994/CERN-VIDEO-C-180-D/CERN-VIDEO-C-180-D-thumbnail-80x60-at-70-percent.jpg</subfield>
    <subfield code="x">jpgthumbnail</subfield>
    <subfield code="y">thumbnail 80x60 at 70 percent</subfield>
  </datafield>
  <datafield tag="856" ind1="7" ind2=" ">
    <subfield code="2">MediaArchive</subfield>
    <subfield code="u">http://mediaarchive.cern.ch/MediaArchive/Video/Public/Conferences/1994/CERN-VIDEO-C-180-D/CERN-VIDEO-C-180-D-thumbnail-80x60-at-80-percent.jpg</subfield>
    <subfield code="x">jpgthumbnail</subfield>
    <subfield code="y">thumbnail 80x60 at 80 percent</subfield>
  </datafield>
  <datafield tag="856" ind1="7" ind2=" ">
    <subfield code="2">MediaArchive</subfield>
    <subfield code="u">http://mediaarchive.cern.ch/MediaArchive/Video/Public/Conferences/1994/CERN-VIDEO-C-180-D/CERN-VIDEO-C-180-D-thumbnail-80x60-at-90-percent.jpg</subfield>
    <subfield code="x">jpgthumbnail</subfield>
    <subfield code="y">thumbnail 80x60 at 90 percent</subfield>
  </datafield>
  <datafield tag="856" ind1="7" ind2=" ">
    <subfield code="2">MediaArchive</subfield>
    <subfield code="d">\\cern.ch\dfs\Services\MediaArchive\Video\Masters\Conferences\1994\CERN-VIDEO-C-180-E.avi</subfield>
    <subfield code="x">Absolute master path</subfield>
  </datafield>
  <datafield tag="856" ind1="7" ind2=" ">
    <subfield code="2">MediaArchive</subfield>
    <subfield code="u">http://mediaarchive.cern.ch/MediaArchive/Video/Public/Conferences/1994/CERN-VIDEO-C-180-E/CERN-VIDEO-C-180-E-0480-kbps-384x288-25-fps-audio-128-kbps-48-kHz-stereo.wmv</subfield>
    <subfield code="x">wmv0480</subfield>
    <subfield code="y">0480 kbps 384x288 25 fps audio 128 kbps 48 kHz stereo</subfield>
  </datafield>
  <datafield tag="856" ind1="7" ind2=" ">
    <subfield code="2">MediaArchive</subfield>
    <subfield code="u">http://mediaarchive.cern.ch/MediaArchive/Video/Public/Conferences/1994/CERN-VIDEO-C-180-E/CERN-VIDEO-C-180-E-0600-kbps-maxH-360-25-fps-audio-128-kbps-48-kHz-stereo.mp4</subfield>
    <subfield code="x">mp40600</subfield>
    <subfield code="y">0600 kbps maxH 360 25 fps audio 128 kbps 48 kHz stereo</subfield>
  </datafield>
  <datafield tag="856" ind1="7" ind2=" ">
    <subfield code="2">MediaArchive</subfield>
    <subfield code="u">http://mediaarchive.cern.ch/MediaArchive/Video/Public/Conferences/1994/CERN-VIDEO-C-180-E/CERN-VIDEO-C-180-E-0753-kbps-480x360-25-fps-audio-64-kbps-44-kHz-stereo.flv</subfield>
    <subfield code="x">flv0753</subfield>
    <subfield code="y">0753 kbps 480x360 25 fps audio 64 kbps 44 kHz stereo</subfield>
  </datafield>
  <datafield tag="856" ind1="7" ind2=" ">
    <subfield code="2">MediaArchive</subfield>
    <subfield code="u">http://mediaarchive.cern.ch/MediaArchive/Video/Public/Conferences/1994/CERN-VIDEO-C-180-E/CERN-VIDEO-C-180-E-posterframe-480x360-at-0-percent.jpg</subfield>
    <subfield code="x">jpgposterframe</subfield>
    <subfield code="y">posterframe 480x360 at 0 percent</subfield>
  </datafield>
  <datafield tag="856" ind1="7" ind2=" ">
    <subfield code="2">MediaArchive</subfield>
    <subfield code="u">http://mediaarchive.cern.ch/MediaArchive/Video/Public/Conferences/1994/CERN-VIDEO-C-180-E/CERN-VIDEO-C-180-E-posterframe-480x360-at-10-percent.jpg</subfield>
    <subfield code="x">jpgposterframe</subfield>
    <subfield code="y">posterframe 480x360 at 10 percent</subfield>
  </datafield>
  <datafield tag="856" ind1="7" ind2=" ">
    <subfield code="2">MediaArchive</subfield>
    <subfield code="u">http://mediaarchive.cern.ch/MediaArchive/Video/Public/Conferences/1994/CERN-VIDEO-C-180-E/CERN-VIDEO-C-180-E-posterframe-480x360-at-20-percent.jpg</subfield>
    <subfield code="x">jpgposterframe</subfield>
    <subfield code="y">posterframe 480x360 at 20 percent</subfield>
  </datafield>
  <datafield tag="856" ind1="7" ind2=" ">
    <subfield code="2">MediaArchive</subfield>
    <subfield code="u">http://mediaarchive.cern.ch/MediaArchive/Video/Public/Conferences/1994/CERN-VIDEO-C-180-E/CERN-VIDEO-C-180-E-posterframe-480x360-at-30-percent.jpg</subfield>
    <subfield code="x">jpgposterframe</subfield>
    <subfield code="y">posterframe 480x360 at 30 percent</subfield>
  </datafield>
  <datafield tag="856" ind1="7" ind2=" ">
    <subfield code="2">MediaArchive</subfield>
    <subfield code="u">http://mediaarchive.cern.ch/MediaArchive/Video/Public/Conferences/1994/CERN-VIDEO-C-180-E/CERN-VIDEO-C-180-E-posterframe-480x360-at-40-percent.jpg</subfield>
    <subfield code="x">jpgposterframe</subfield>
    <subfield code="y">posterframe 480x360 at 40 percent</subfield>
  </datafield>
  <datafield tag="856" ind1="7" ind2=" ">
    <subfield code="2">MediaArchive</subfield>
    <subfield code="u">http://mediaarchive.cern.ch/MediaArchive/Video/Public/Conferences/1994/CERN-VIDEO-C-180-E/CERN-VIDEO-C-180-E-posterframe-480x360-at-50-percent.jpg</subfield>
    <subfield code="x">jpgposterframe</subfield>
    <subfield code="y">posterframe 480x360 at 50 percent</subfield>
  </datafield>
  <datafield tag="856" ind1="7" ind2=" ">
    <subfield code="2">MediaArchive</subfield>
    <subfield code="u">http://mediaarchive.cern.ch/MediaArchive/Video/Public/Conferences/1994/CERN-VIDEO-C-180-E/CERN-VIDEO-C-180-E-posterframe-480x360-at-60-percent.jpg</subfield>
    <subfield code="x">jpgposterframe</subfield>
    <subfield code="y">posterframe 480x360 at 60 percent</subfield>
  </datafield>
  <datafield tag="856" ind1="7" ind2=" ">
    <subfield code="2">MediaArchive</subfield>
    <subfield code="u">http://mediaarchive.cern.ch/MediaArchive/Video/Public/Conferences/1994/CERN-VIDEO-C-180-E/CERN-VIDEO-C-180-E-posterframe-480x360-at-70-percent.jpg</subfield>
    <subfield code="x">jpgposterframe</subfield>
    <subfield code="y">posterframe 480x360 at 70 percent</subfield>
  </datafield>
  <datafield tag="856" ind1="7" ind2=" ">
    <subfield code="2">MediaArchive</subfield>
    <subfield code="u">http://mediaarchive.cern.ch/MediaArchive/Video/Public/Conferences/1994/CERN-VIDEO-C-180-E/CERN-VIDEO-C-180-E-posterframe-480x360-at-80-percent.jpg</subfield>
    <subfield code="x">jpgposterframe</subfield>
    <subfield code="y">posterframe 480x360 at 80 percent</subfield>
  </datafield>
  <datafield tag="856" ind1="7" ind2=" ">
    <subfield code="2">MediaArchive</subfield>
    <subfield code="u">http://mediaarchive.cern.ch/MediaArchive/Video/Public/Conferences/1994/CERN-VIDEO-C-180-E/CERN-VIDEO-C-180-E-posterframe-480x360-at-90-percent.jpg</subfield>
    <subfield code="x">jpgposterframe</subfield>
    <subfield code="y">posterframe 480x360 at 90 percent</subfield>
  </datafield>
  <datafield tag="856" ind1="7" ind2=" ">
    <subfield code="2">MediaArchive</subfield>
    <subfield code="u">http://mediaarchive.cern.ch/MediaArchive/Video/Public/Conferences/1994/CERN-VIDEO-C-180-E/CERN-VIDEO-C-180-E-thumbnail-180x135-at-05-percent.jpg</subfield>
    <subfield code="x">jpgthumbnail</subfield>
    <subfield code="y">thumbnail 180x135 at 05 percent</subfield>
  </datafield>
  <datafield tag="856" ind1="7" ind2=" ">
    <subfield code="2">MediaArchive</subfield>
    <subfield code="u">http://mediaarchive.cern.ch/MediaArchive/Video/Public/Conferences/1994/CERN-VIDEO-C-180-E/CERN-VIDEO-C-180-E-thumbnail-80x60-at-10-percent.jpg</subfield>
    <subfield code="x">jpgthumbnail</subfield>
    <subfield code="y">thumbnail 80x60 at 10 percent</subfield>
  </datafield>
  <datafield tag="856" ind1="7" ind2=" ">
    <subfield code="2">MediaArchive</subfield>
    <subfield code="u">http://mediaarchive.cern.ch/MediaArchive/Video/Public/Conferences/1994/CERN-VIDEO-C-180-E/CERN-VIDEO-C-180-E-thumbnail-80x60-at-20-percent.jpg</subfield>
    <subfield code="x">jpgthumbnail</subfield>
    <subfield code="y">thumbnail 80x60 at 20 percent</subfield>
  </datafield>
  <datafield tag="856" ind1="7" ind2=" ">
    <subfield code="2">MediaArchive</subfield>
    <subfield code="u">http://mediaarchive.cern.ch/MediaArchive/Video/Public/Conferences/1994/CERN-VIDEO-C-180-E/CERN-VIDEO-C-180-E-thumbnail-80x60-at-30-percent.jpg</subfield>
    <subfield code="x">jpgthumbnail</subfield>
    <subfield code="y">thumbnail 80x60 at 30 percent</subfield>
  </datafield>
  <datafield tag="856" ind1="7" ind2=" ">
    <subfield code="2">MediaArchive</subfield>
    <subfield code="u">http://mediaarchive.cern.ch/MediaArchive/Video/Public/Conferences/1994/CERN-VIDEO-C-180-E/CERN-VIDEO-C-180-E-thumbnail-80x60-at-40-percent.jpg</subfield>
    <subfield code="x">jpgthumbnail</subfield>
    <subfield code="y">thumbnail 80x60 at 40 percent</subfield>
  </datafield>
  <datafield tag="856" ind1="7" ind2=" ">
    <subfield code="2">MediaArchive</subfield>
    <subfield code="u">http://mediaarchive.cern.ch/MediaArchive/Video/Public/Conferences/1994/CERN-VIDEO-C-180-E/CERN-VIDEO-C-180-E-thumbnail-80x60-at-50-percent.jpg</subfield>
    <subfield code="x">jpgthumbnail</subfield>
    <subfield code="y">thumbnail 80x60 at 50 percent</subfield>
  </datafield>
  <datafield tag="856" ind1="7" ind2=" ">
    <subfield code="2">MediaArchive</subfield>
    <subfield code="u">http://mediaarchive.cern.ch/MediaArchive/Video/Public/Conferences/1994/CERN-VIDEO-C-180-E/CERN-VIDEO-C-180-E-thumbnail-80x60-at-60-percent.jpg</subfield>
    <subfield code="x">jpgthumbnail</subfield>
    <subfield code="y">thumbnail 80x60 at 60 percent</subfield>
  </datafield>
  <datafield tag="856" ind1="7" ind2=" ">
    <subfield code="2">MediaArchive</subfield>
    <subfield code="u">http://mediaarchive.cern.ch/MediaArchive/Video/Public/Conferences/1994/CERN-VIDEO-C-180-E/CERN-VIDEO-C-180-E-thumbnail-80x60-at-70-percent.jpg</subfield>
    <subfield code="x">jpgthumbnail</subfield>
    <subfield code="y">thumbnail 80x60 at 70 percent</subfield>
  </datafield>
  <datafield tag="856" ind1="7" ind2=" ">
    <subfield code="2">MediaArchive</subfield>
    <subfield code="u">http://mediaarchive.cern.ch/MediaArchive/Video/Public/Conferences/1994/CERN-VIDEO-C-180-E/CERN-VIDEO-C-180-E-thumbnail-80x60-at-80-percent.jpg</subfield>
    <subfield code="x">jpgthumbnail</subfield>
    <subfield code="y">thumbnail 80x60 at 80 percent</subfield>
  </datafield>
  <datafield tag="856" ind1="7" ind2=" ">
    <subfield code="2">MediaArchive</subfield>
    <subfield code="u">http://mediaarchive.cern.ch/MediaArchive/Video/Public/Conferences/1994/CERN-VIDEO-C-180-E/CERN-VIDEO-C-180-E-thumbnail-80x60-at-90-percent.jpg</subfield>
    <subfield code="x">jpgthumbnail</subfield>
    <subfield code="y">thumbnail 80x60 at 90 percent</subfield>
  </datafield>
  <datafield tag="856" ind1="7" ind2=" ">
    <subfield code="2">EOS</subfield>
    <subfield code="8">a</subfield>
    <subfield code="d">/eos/media/cds/public/www/digital-memory/media-archive/video/open/mkv/280538-a.mkv</subfield>
    <subfield code="q">MKV</subfield>
    <subfield code="s">32408717279</subfield>
    <subfield code="w">(PICTURAE:MD5)pm_C1V1_280538-a.mkv;8de8b0d0a7bf263bd1f689ae0b182011</subfield>
  </datafield>
  <datafield tag="856" ind1="7" ind2=" ">
    <subfield code="2">EOS</subfield>
    <subfield code="8">a</subfield>
    <subfield code="d">/eos/media/cds/public/www/digital-memory/media-archive/video/open/mov/280538-a.mov</subfield>
    <subfield code="q">MOV</subfield>
    <subfield code="s">14321517682</subfield>
    <subfield code="w">(PICTURAE:MD5)am_C1V1_280538-a.mov;b99b85248a58516c6eda424dff1fb9f0</subfield>
  </datafield>
  <datafield tag="856" ind1="7" ind2=" ">
    <subfield code="2">EOS</subfield>
    <subfield code="8">b</subfield>
    <subfield code="d">/eos/media/cds/public/www/digital-memory/media-archive/video/open/mkv/280538-b.mkv</subfield>
    <subfield code="q">MKV</subfield>
    <subfield code="s">30017858304</subfield>
    <subfield code="w">(PICTURAE:MD5)pm_C1V1_280538-b.mkv;4aaa2eee499c4fd6dc160a67fe07f682</subfield>
  </datafield>
  <datafield tag="856" ind1="7" ind2=" ">
    <subfield code="2">EOS</subfield>
    <subfield code="8">b</subfield>
    <subfield code="d">/eos/media/cds/public/www/digital-memory/media-archive/video/open/mov/280538-b.mov</subfield>
    <subfield code="q">MOV</subfield>
    <subfield code="s">13480966119</subfield>
    <subfield code="w">(PICTURAE:MD5)am_C1V1_280538-b.mov;b440b512ebbe9af73651be512156de9e</subfield>
  </datafield>
  <datafield tag="856" ind1="7" ind2=" ">
    <subfield code="2">EOS</subfield>
    <subfield code="8">c</subfield>
    <subfield code="d">/eos/media/cds/public/www/digital-memory/media-archive/video/open/mkv/280538-c.mkv</subfield>
    <subfield code="q">MKV</subfield>
    <subfield code="s">41848400892</subfield>
    <subfield code="w">(PICTURAE:MD5)pm_C1V1_280538-c.mkv;e1bc95eb8dfe2e8a369de27f04c7d6fe</subfield>
  </datafield>
  <datafield tag="856" ind1="7" ind2=" ">
    <subfield code="2">EOS</subfield>
    <subfield code="8">c</subfield>
    <subfield code="d">/eos/media/cds/public/www/digital-memory/media-archive/video/open/mov/280538-c.mov</subfield>
    <subfield code="q">MOV</subfield>
    <subfield code="s">13957996789</subfield>
    <subfield code="w">(PICTURAE:MD5)am_C1V1_280538-c.mov;e08709a6337460dfb30b0c00de73491e</subfield>
  </datafield>
  <datafield tag="856" ind1="7" ind2=" ">
    <subfield code="2">EOS</subfield>
    <subfield code="8">e</subfield>
    <subfield code="d">/eos/media/cds/public/www/digital-memory/media-archive/video/open/mkv/280538-e.mkv</subfield>
    <subfield code="q">MKV</subfield>
    <subfield code="s">42468001483</subfield>
    <subfield code="w">(PICTURAE:MD5)pm_C1V1_280538-e.mkv;3fb7961a7fbf0869a913504bc75dd142</subfield>
  </datafield>
  <datafield tag="856" ind1="7" ind2=" ">
    <subfield code="2">EOS</subfield>
    <subfield code="8">e</subfield>
    <subfield code="d">/eos/media/cds/public/www/digital-memory/media-archive/video/open/mov/280538-e.mov</subfield>
    <subfield code="q">MOV</subfield>
    <subfield code="s">14028687284</subfield>
    <subfield code="w">(PICTURAE:MD5)am_C1V1_280538-e.mov;71306c760c6b99c3cadbfaf8a0688ac7</subfield>
  </datafield>
  <datafield tag="856" ind1="7" ind2=" ">
    <subfield code="2">EOS</subfield>
    <subfield code="8">d</subfield>
    <subfield code="d">/eos/media/cds/public/www/digital-memory/media-archive/video/open/mkv/280538-d.mkv</subfield>
    <subfield code="i">Video with subtitles</subfield>
    <subfield code="q">MKV</subfield>
    <subfield code="s">32611125448</subfield>
    <subfield code="w">(PICTURAE:MD5)pm_C1V1_280538-d.mkv;1950abfb31b018228faf37bf21cdc5a0</subfield>
  </datafield>
  <datafield tag="856" ind1="7" ind2=" ">
    <subfield code="2">EOS</subfield>
    <subfield code="8">d</subfield>
    <subfield code="d">/eos/media/cds/public/www/digital-memory/media-archive/video/open/mov/280538-d.mov</subfield>
    <subfield code="q">MOV</subfield>
    <subfield code="s">13899587629</subfield>
    <subfield code="w">(PICTURAE:MD5)am_C1V1_280538-d.mov;b57748322cd45b15378109fa0e9c5610</subfield>
  </datafield>
  <datafield tag="901" ind1=" " ind2=" ">
    <subfield code="u">CERN</subfield>
  </datafield>
  <datafield tag="916" ind1=" " ind2=" ">
    <subfield code="s">n</subfield>
    <subfield code="w">200145</subfield>
  </datafield>
  <datafield tag="961" ind1=" " ind2=" ">
    <subfield code="c">20080429</subfield>
    <subfield code="h">2025</subfield>
    <subfield code="l">CER01</subfield>
    <subfield code="x">19950421</subfield>
  </datafield>
  <datafield tag="961" ind1=" " ind2=" ">
    <subfield code="a">Marina Savino</subfield>
    <subfield code="b">Curator</subfield>
    <subfield code="x">2021-03-01</subfield>
  </datafield>
  <datafield tag="962" ind1=" " ind2=" ">
    <subfield code="b">524897</subfield>
    <subfield code="n">cern940901</subfield>
  </datafield>
  <datafield tag="963" ind1=" " ind2=" ">
    <subfield code="a">PUBLIC</subfield>
  </datafield>
  <datafield tag="963" ind1=" " ind2=" ">
    <subfield code="9">review</subfield>
    <subfield code="a">PUBLIC</subfield>
  </datafield>
  <datafield tag="964" ind1=" " ind2=" ">
    <subfield code="a">0010</subfield>
  </datafield>
  <datafield tag="970" ind1=" " ind2=" ">
    <subfield code="a">000200605CER</subfield>
  </datafield>
  <datafield tag="980" ind1=" " ind2=" ">
    <subfield code="a">VIDEOARC</subfield>
  </datafield>
  <datafield tag="980" ind1=" " ind2=" ">
    <subfield code="a">Indico</subfield>
    <subfield code="b">ACAD</subfield>
  </datafield>
</record>
</collection>